COIN,buy,1,193.94,Mon Feb 26 2024 17:35:16 GMT-0500 (Eastern Standard Time)
COIN,buy,1,197.3238,02/27 11:16:48
NVDA,buy,1,786.1357,02/27 11:16:50
TSLA,buy,1,201.49,02/27 11:16:59
COIN,sell,1,197,02/27 11:17:23
NVDA,sell,1,785.7,02/27 11:17:25
TSLA,sell,1,201.272,02/27 11:17:35
AMD,buy,1,176.9296,02/27 11:17:47
AAPL,buy,1,180.885,02/27 11:17:48
COIN,buy,1,197.14,02/27 11:17:49
NVDA,buy,1,786.15,02/27 11:17:51
TSLA,buy,1,201.4,02/27 11:18:00
AMD,sell,1,176.905,02/27 11:18:07
AAPL,buy,1,180.8955,02/27 11:18:08
COIN,sell,1,197.072,02/27 11:18:09
NVDA,buy,1,786.27,02/27 11:18:11
TSLA,buy,1,201.465,02/27 11:18:20
TSLA,buy,1,201.5,02/27 11:18:30
AMD,buy,1,177.05,02/27 11:18:42
AAPL,sell,1,180.88,02/27 11:18:43
COIN,buy,1,197.75,02/27 11:18:44
NVDA,buy,1,787.13,02/27 11:18:46
TSLA,buy,1,201.6401,02/27 11:18:50
AMD,buy,1,177.0908,02/27 11:19:02
AAPL,buy,1,180.894,02/27 11:19:03
COIN,buy,1,197.91,02/27 11:19:04
NVDA,buy,1,787.43,02/27 11:19:06
AMD,sell,1,177.088,02/27 11:19:17
AAPL,buy,1,180.895,02/27 11:19:18
COIN,buy,1,198.1138,02/27 11:19:19
NVDA,sell,1,786.72,02/27 11:19:21
TSLA,sell,1,201.58,02/27 11:19:30
AMD,sell,1,177.085,02/27 11:19:37
AAPL,sell,1,180.89,02/27 11:19:38
NVDA,sell,1,786.655,02/27 11:19:41
COIN,buy,1,198.1711,02/27 11:19:44
TSLA,buy,1,201.76,02/27 11:19:51
TSLA,sell,1,201.66,02/27 11:20:11
NVDA,sell,1,786.37,02/27 11:20:22
AAPL,sell,1,180.8757,02/27 11:20:24
COIN,sell,1,198.0047,02/27 11:20:25
TSLA,sell,1,201.63,02/27 11:20:31
AAPL,sell,1,180.8493,02/27 11:20:44
COIN,buy,1,198.28,02/27 11:20:45
NVDA,sell,1,786.124,02/27 11:20:47
COIN,sell,1,198.05,02/27 11:21:00
TSLA,buy,1,201.6399,02/27 11:21:06
TSLA,buy,1,201.7101,02/27 11:21:16
AMD,buy,1,177.012,02/27 11:21:28
COIN,buy,1,198.35,02/27 11:21:30
NVDA,buy,1,786.63,02/27 11:21:32
TSLA,sell,1,201.675,02/27 11:21:41
AMD,buy,1,177.0606,02/27 11:21:53
AAPL,buy,1,180.86,02/27 11:21:54
COIN,sell,1,198.2571,02/27 11:21:55
NVDA,buy,1,786.93,02/27 11:21:57
TSLA,buy,1,201.9111,02/27 11:22:06
AMD,sell,1,177.025,02/27 11:22:19
AAPL,sell,1,180.8297,02/27 11:22:20
NVDA,sell,1,786.69,02/27 11:22:23
COIN,buy,1,198.2599,02/27 11:22:26
AMD,sell,1,177.0001,02/27 11:22:29
COIN,buy,1,198.41,02/27 11:22:31
NVDA,sell,1,786.65,02/27 11:22:33
TSLA,sell,1,201.884,02/27 11:22:42
COIN,sell,1,198.195,02/27 11:23:01
TSLA,sell,1,201.71,02/27 11:23:12
AMD,buy,1,176.81,02/27 11:23:24
AAPL,buy,1,180.82,02/27 11:23:25
COIN,buy,1,198.49,02/27 11:23:26
NVDA,buy,1,786.8,02/27 11:23:28
TSLA,buy,1,201.89,02/27 11:23:37
NVDA,buy,1,786.856,02/27 11:23:43
AMD,buy,1,176.89,02/27 11:23:44
COIN,sell,1,198.42,02/27 11:23:46
TSLA,sell,1,201.87,02/27 11:23:52
AMD,buy,1,176.975,02/27 11:24:09
AAPL,buy,1,180.83,02/27 11:24:11
NVDA,buy,1,787.59,02/27 11:24:14
COIN,buy,1,198.9,02/27 11:24:17
TSLA,buy,1,202.03,02/27 11:24:23
TSLA,sell,1,201.99,02/27 11:24:33
AAPL,buy,1,180.8782,02/27 11:24:41
NVDA,buy,1,787.8282,02/27 11:24:44
AMD,buy,1,177.0678,02/27 11:24:45
COIN,sell,1,198.08,02/27 11:24:47
TSLA,buy,1,201.9999,02/27 11:24:58
AMD,buy,1,177.0969,02/27 11:25:10
AAPL,sell,1,180.865,02/27 11:25:11
COIN,buy,1,198.88,02/27 11:25:12
NVDA,sell,1,787.64,02/27 11:25:14
TSLA,sell,1,201.9899,02/27 11:25:18
AMD,buy,1,177.1099,02/27 11:25:30
AAPL,buy,1,180.88,02/27 11:25:31
NVDA,buy,1,787.79,02/27 11:25:34
AMD,buy,1,177.265,02/27 11:25:50
AAPL,buy,1,180.93,02/27 11:25:51
COIN,buy,1,199.2018,02/27 11:25:52
NVDA,sell,1,787.37,02/27 11:25:54
TSLA,buy,1,202.12,02/27 11:26:03
TSLA,sell,1,202.095,02/27 11:26:08
AMD,sell,1,177.146,02/27 11:26:20
AAPL,sell,1,180.87,02/27 11:26:21
COIN,buy,1,199.345,02/27 11:26:22
NVDA,sell,1,786.816,02/27 11:26:24
AMD,buy,1,177.1501,02/27 11:26:30
AAPL,buy,1,180.8745,02/27 11:26:31
COIN,buy,1,199.38,02/27 11:26:32
NVDA,buy,1,787.08,02/27 11:26:34
TSLA,sell,1,201.942,02/27 11:26:43
TSLA,buy,1,202.01,02/27 11:26:59
AMD,sell,1,177.11,02/27 11:27:11
AAPL,buy,1,180.895,02/27 11:27:12
COIN,buy,1,199.57,02/27 11:27:13
NVDA,sell,1,786.945,02/27 11:27:15
TSLA,buy,1,202.0869,02/27 11:27:19
AMD,buy,1,177.1568,02/27 11:27:31
COIN,sell,1,199.48,02/27 11:27:33
NVDA,buy,1,787.3399,02/27 11:27:35
TSLA,buy,1,202.2201,02/27 11:27:49
AMD,sell,1,177.13,02/27 11:28:01
AAPL,buy,1,180.93,02/27 11:28:02
COIN,sell,1,199.1,02/27 11:28:03
NVDA,buy,1,787.355,02/27 11:28:05
COIN,buy,1,199.1573,02/27 11:28:08
NVDA,sell,1,787.33,02/27 11:28:10
TSLA,sell,1,202.165,02/27 11:28:19
AMD,buy,1,177.2299,02/27 11:28:31
AAPL,buy,1,180.972,02/27 11:28:32
COIN,sell,1,198.93,02/27 11:28:33
NVDA,buy,1,787.4099,02/27 11:28:35
TSLA,sell,1,202.118,02/27 11:28:44
NVDA,sell,1,786.3101,02/27 11:28:55
COIN,buy,1,199.0497,02/27 11:28:58
TSLA,sell,1,201.9,02/27 11:29:04
AMD,sell,1,177.0334,02/27 11:29:17
AAPL,sell,1,180.97,02/27 11:29:18
NVDA,buy,1,786.3401,02/27 11:29:21
TSLA,buy,1,201.955,02/27 11:29:30
AMD,sell,1,176.923,02/27 11:29:37
AAPL,sell,1,180.88,02/27 11:29:38
COIN,buy,1,199.8299,02/27 11:29:44
TSLA,sell,1,201.9499,02/27 11:29:50
AMD,sell,1,176.88,02/27 11:30:02
AAPL,sell,1,180.87,02/27 11:30:03
COIN,buy,1,199.875,02/27 11:30:04
NVDA,sell,1,785.884,02/27 11:30:06
AMD,sell,1,176.871,02/27 11:30:12
AAPL,sell,1,180.835,02/27 11:30:13
NVDA,buy,1,785.982,02/27 11:30:16
COIN,sell,1,199.8052,02/27 11:30:19
TSLA,sell,1,201.9431,02/27 11:30:25
AMD,sell,1,176.8401,02/27 11:30:47
AAPL,buy,1,180.865,02/27 11:30:48
COIN,buy,1,200.03,02/27 11:30:49
NVDA,buy,1,786.5241,02/27 11:30:51
AMD,buy,1,176.9719,02/27 11:31:02
AAPL,buy,1,180.8901,02/27 11:31:03
NVDA,buy,1,787.06,02/27 11:31:06
COIN,buy,1,200.372,02/27 11:31:09
TSLA,buy,1,202.178,02/27 11:31:15
TSLA,sell,1,202.175,02/27 11:31:25
AMD,buy,1,176.975,02/27 11:31:37
AAPL,sell,1,180.8401,02/27 11:31:38
COIN,buy,1,200.8334,02/27 11:31:39
NVDA,sell,1,786.775,02/27 11:31:41
COIN,sell,1,200.7001,02/27 11:31:45
NVDA,buy,1,786.805,02/27 11:31:47
TSLA,buy,1,202.2866,02/27 11:31:51
AAPL,buy,1,180.88,02/27 11:32:04
AMD,sell,1,176.95,02/27 11:32:08
AMD,buy,1,177.064,02/27 11:32:18
AAPL,buy,1,180.9,02/27 11:32:19
COIN,buy,1,200.8872,02/27 11:32:20
NVDA,buy,1,787.27,02/27 11:32:22
TSLA,sell,1,202.285,02/27 11:32:31
AMD,buy,1,177.1,02/27 11:32:38
COIN,sell,1,200.27,02/27 11:32:40
AMD,sell,1,177.0401,02/27 11:33:13
AAPL,sell,1,180.8901,02/27 11:33:14
COIN,sell,1,200.02,02/27 11:33:15
NVDA,sell,1,787.186,02/27 11:33:17
AMD,sell,1,177.0302,02/27 11:33:33
AAPL,sell,1,180.8799,02/27 11:33:34
COIN,buy,1,200.08,02/27 11:33:35
NVDA,sell,1,787.1568,02/27 11:33:37
TSLA,buy,1,202.25,02/27 11:33:46
AMD,buy,1,177.1,02/27 11:33:58
AAPL,buy,1,180.9456,02/27 11:33:59
COIN,sell,1,199.95,02/27 11:34:00
NVDA,buy,1,787.675,02/27 11:34:02
TSLA,buy,1,202.3,02/27 11:34:11
AMD,buy,1,177.1001,02/27 11:34:24
AAPL,sell,1,180.945,02/27 11:34:25
COIN,sell,1,199.9398,02/27 11:34:26
NVDA,buy,1,787.8,02/27 11:34:28
AMD,sell,1,177.08,02/27 11:34:39
AAPL,sell,1,180.94,02/27 11:34:40
COIN,buy,1,199.9661,02/27 11:34:41
NVDA,sell,1,787.315,02/27 11:34:43
TSLA,buy,1,202.3381,02/27 11:34:52
COIN,buy,1,199.98,02/27 11:35:01
NVDA,buy,1,787.525,02/27 11:35:03
TSLA,sell,1,202.32,02/27 11:35:12
AMD,sell,1,177.06,02/27 11:35:24
AAPL,sell,1,180.9201,02/27 11:35:25
AMD,buy,1,177.072,02/27 11:35:34
AAPL,sell,1,180.875,02/27 11:35:35
COIN,sell,1,199.787,02/27 11:35:36
NVDA,sell,1,787.153,02/27 11:35:38
TSLA,sell,1,202.1715,02/27 11:35:47
NVDA,sell,1,787.13,02/27 11:35:53
TSLA,buy,1,202.18,02/27 11:36:02
AMD,sell,1,176.995,02/27 11:36:09
AAPL,buy,1,180.88,02/27 11:36:10
COIN,sell,1,199.4207,02/27 11:36:11
AMD,sell,1,176.98,02/27 11:36:24
AAPL,buy,1,180.8816,02/27 11:36:25
COIN,sell,1,199.2,02/27 11:36:26
NVDA,sell,1,786.63,02/27 11:36:28
TSLA,sell,1,201.94,02/27 11:36:32
AAPL,sell,1,180.86,02/27 11:36:35
COIN,sell,1,198.78,02/27 11:36:36
NVDA,buy,1,786.838,02/27 11:36:38
TSLA,sell,1,201.92,02/27 11:36:47
AMD,sell,1,176.8506,02/27 11:37:00
TSLA,buy,1,201.972,02/27 11:37:03
AMD,sell,1,176.805,02/27 11:37:15
AAPL,sell,1,180.815,02/27 11:37:16
COIN,buy,1,198.98,02/27 11:37:17
NVDA,sell,1,786.304,02/27 11:37:19
TSLA,sell,1,201.83,02/27 11:37:23
AAPL,sell,1,180.8,02/27 11:37:36
NVDA,buy,1,786.39,02/27 11:37:39
COIN,buy,1,199.08,02/27 11:37:42
AAPL,buy,1,180.81,02/27 11:37:56
NVDA,sell,1,786.075,02/27 11:37:59
COIN,buy,1,199.15,02/27 11:38:02
TSLA,buy,1,201.955,02/27 11:38:08
COIN,buy,1,199.4999,02/27 11:38:12
NVDA,buy,1,786.2695,02/27 11:38:14
TSLA,sell,1,201.918,02/27 11:38:23
NVDA,sell,1,785.5945,02/27 11:38:34
AMD,buy,1,176.662,02/27 11:38:35
AAPL,sell,1,180.7599,02/27 11:38:36
COIN,sell,1,199,02/27 11:38:37
TSLA,buy,1,201.98,02/27 11:38:43
AMD,sell,1,176.6,02/27 11:38:55
AMD,buy,1,176.63,02/27 11:39:00
AAPL,buy,1,180.749,02/27 11:39:01
COIN,sell,1,198.94,02/27 11:39:02
NVDA,buy,1,785.7908,02/27 11:39:04
TSLA,buy,1,202.33,02/27 11:39:13
AMD,buy,1,176.65,02/27 11:39:25
AAPL,buy,1,180.8,02/27 11:39:26
NVDA,buy,1,786.25,02/27 11:39:29
COIN,buy,1,199.5206,02/27 11:39:33
TSLA,buy,1,202.4201,02/27 11:39:39
AMD,buy,1,176.6601,02/27 11:39:51
AAPL,buy,1,180.816,02/27 11:39:52
COIN,sell,1,199.2,02/27 11:39:53
NVDA,sell,1,786.113,02/27 11:39:55
TSLA,sell,1,202.4141,02/27 11:40:04
TSLA,buy,1,202.505,02/27 11:40:19
AMD,sell,1,176.66,02/27 11:40:31
AAPL,buy,1,180.85,02/27 11:40:32
COIN,sell,1,198.785,02/27 11:40:33
NVDA,buy,1,786.21,02/27 11:40:35
AMD,buy,1,176.7676,02/27 11:40:46
AAPL,sell,1,180.82,02/27 11:40:47
NVDA,buy,1,786.2405,02/27 11:40:50
COIN,sell,1,198.7501,02/27 11:40:53
TSLA,sell,1,202.2643,02/27 11:40:59
AMD,sell,1,176.67,02/27 11:41:11
AAPL,sell,1,180.815,02/27 11:41:12
COIN,buy,1,198.9071,02/27 11:41:13
NVDA,sell,1,786.18,02/27 11:41:15
TSLA,sell,1,202,02/27 11:41:24
TSLA,buy,1,202.04,02/27 11:41:29
AAPL,buy,1,180.83,02/27 11:41:37
AMD,buy,1,176.76,02/27 11:41:41
COIN,sell,1,198.675,02/27 11:41:43
NVDA,buy,1,786.6659,02/27 11:41:45
AMD,buy,1,176.82,02/27 11:41:56
AAPL,sell,1,180.8001,02/27 11:41:58
COIN,sell,1,198.0301,02/27 11:41:59
NVDA,sell,1,786.41,02/27 11:42:01
TSLA,buy,1,202.415,02/27 11:42:10
AMD,sell,1,176.758,02/27 11:42:17
AAPL,sell,1,180.765,02/27 11:42:18
COIN,buy,1,198.3125,02/27 11:42:19
NVDA,sell,1,786.11,02/27 11:42:21
TSLA,buy,1,202.426,02/27 11:42:30
AMD,buy,1,176.77,02/27 11:42:42
AAPL,sell,1,180.75,02/27 11:42:43
COIN,sell,1,198.2338,02/27 11:42:44
NVDA,buy,1,786.38,02/27 11:42:46
TSLA,buy,1,202.4685,02/27 11:42:50
AMD,sell,1,176.6695,02/27 11:43:12
COIN,buy,1,198.2626,02/27 11:43:14
NVDA,sell,1,785.81,02/27 11:43:16
TSLA,buy,1,202.49,02/27 11:43:25
TSLA,sell,1,202.43,02/27 11:43:30
AMD,sell,1,176.6199,02/27 11:43:37
NVDA,sell,1,785.7,02/27 11:43:41
COIN,sell,1,197.262,02/27 11:43:44
TSLA,sell,1,202.155,02/27 11:43:50
AMD,buy,1,176.68,02/27 11:44:02
AAPL,buy,1,180.78,02/27 11:44:03
COIN,buy,1,197.83,02/27 11:44:04
NVDA,buy,1,786.42,02/27 11:44:06
AAPL,buy,1,180.7999,02/27 11:44:13
AMD,buy,1,176.78,02/27 11:44:17
COIN,buy,1,197.87,02/27 11:44:19
NVDA,sell,1,786.22,02/27 11:44:21
TSLA,buy,1,202.36,02/27 11:44:26
TSLA,buy,1,202.37,02/27 11:44:36
AMD,sell,1,176.77,02/27 11:44:48
AAPL,sell,1,180.7803,02/27 11:44:49
COIN,buy,1,198.25,02/27 11:44:50
NVDA,buy,1,786.535,02/27 11:44:52
AMD,sell,1,176.74,02/27 11:45:03
AAPL,sell,1,180.76,02/27 11:45:04
COIN,buy,1,198.4073,02/27 11:45:05
NVDA,buy,1,786.6,02/27 11:45:07
TSLA,buy,1,202.3845,02/27 11:45:16
AMD,buy,1,176.78,02/27 11:45:28
COIN,buy,1,198.8548,02/27 11:45:30
NVDA,buy,1,786.7495,02/27 11:45:32
TSLA,buy,1,202.4,02/27 11:45:41
TSLA,sell,1,202.33,02/27 11:45:51
AMD,buy,1,176.86,02/27 11:46:03
TSLA,sell,1,202.285,02/27 11:46:26
AMD,sell,1,177.04,02/27 11:46:33
COIN,sell,1,199.362,02/27 11:46:35
TSLA,sell,1,202.26,02/27 11:46:47
NVDA,buy,1,788.135,02/27 11:46:53
TSLA,sell,1,202.1569,02/27 11:47:02
AMD,buy,1,177.1623,02/27 11:47:14
AMD,sell,1,177.11,02/27 11:47:34
COIN,buy,1,199.5999,02/27 11:47:36
NVDA,sell,1,787.9999,02/27 11:47:38
TSLA,sell,1,202.21,02/27 11:47:47
NVDA,buy,1,788.4999,02/27 11:47:58
AMD,buy,1,177.2243,02/27 11:47:59
AAPL,buy,1,180.797,02/27 11:48:00
COIN,sell,1,199.4396,02/27 11:48:16
TSLA,sell,1,202.095,02/27 11:48:27
AMD,sell,1,177.19,02/27 11:48:39
AAPL,sell,1,180.7529,02/27 11:48:40
NVDA,sell,1,788.2445,02/27 11:48:43
COIN,sell,1,199.35,02/27 11:48:46
TSLA,sell,1,201.99,02/27 11:48:52
AMD,buy,1,177.29,02/27 11:49:05
AAPL,buy,1,180.77,02/27 11:49:06
NVDA,buy,1,788.58,02/27 11:49:09
COIN,buy,1,199.4194,02/27 11:49:12
AMD,buy,1,177.3747,02/27 11:49:20
AAPL,sell,1,180.75,02/27 11:49:21
COIN,buy,1,199.63,02/27 11:49:22
TSLA,buy,1,202.12,02/27 11:49:33
TSLA,sell,1,202.09,02/27 11:49:43
AMD,sell,1,177.3498,02/27 11:49:55
COIN,sell,1,199.195,02/27 11:49:57
NVDA,sell,1,788.2051,02/27 11:49:59
AMD,sell,1,177.3389,02/27 11:50:05
AAPL,buy,1,180.7457,02/27 11:50:06
COIN,buy,1,199.38,02/27 11:50:07
NVDA,buy,1,788.33,02/27 11:50:09
TSLA,sell,1,201.97,02/27 11:50:18
TSLA,buy,1,202.0198,02/27 11:50:33
AMD,buy,1,177.34,02/27 11:50:40
AAPL,buy,1,180.81,02/27 11:50:41
COIN,buy,1,199.56,02/27 11:50:47
COIN,sell,1,199.11,02/27 11:50:57
TSLA,sell,1,201.96,02/27 11:51:03
AAPL,buy,1,180.864,02/27 11:51:11
AMD,buy,1,177.4399,02/27 11:51:15
AAPL,sell,1,180.862,02/27 11:51:42
COIN,sell,1,199.4525,02/27 11:51:43
TSLA,buy,1,202.04,02/27 11:51:54
TSLA,sell,1,202.002,02/27 11:52:09
AMD,sell,1,177.54,02/27 11:52:21
AAPL,sell,1,180.78,02/27 11:52:22
NVDA,sell,1,790.2101,02/27 11:52:25
COIN,sell,1,199.34,02/27 11:52:28
AMD,buy,1,177.5807,02/27 11:52:36
AAPL,buy,1,180.81,02/27 11:52:37
COIN,buy,1,199.38,02/27 11:52:38
NVDA,buy,1,790.635,02/27 11:52:40
AMD,buy,1,177.59,02/27 11:53:11
AAPL,buy,1,180.86,02/27 11:53:12
COIN,sell,1,199.355,02/27 11:53:13
AMD,sell,1,177.578,02/27 11:53:21
AAPL,sell,1,180.845,02/27 11:53:22
COIN,sell,1,199.27,02/27 11:53:23
NVDA,buy,1,790.89,02/27 11:53:25
AMD,sell,1,177.568,02/27 11:53:57
AAPL,buy,1,180.87,02/27 11:53:58
NVDA,sell,1,790.0101,02/27 11:54:01
COIN,buy,1,199.43,02/27 11:54:04
AMD,buy,1,177.6479,02/27 11:54:17
AAPL,sell,1,180.84,02/27 11:54:18
COIN,buy,1,199.54,02/27 11:54:19
TSLA,buy,1,202.15,02/27 11:54:30
AMD,sell,1,177.52,02/27 11:54:42
AAPL,sell,1,180.8092,02/27 11:54:43
COIN,sell,1,199.504,02/27 11:54:44
NVDA,sell,1,790.0001,02/27 11:54:46
NVDA,buy,1,790.3029,02/27 11:55:01
AMD,buy,1,177.672,02/27 11:55:02
AAPL,buy,1,180.835,02/27 11:55:03
COIN,buy,1,199.64,02/27 11:55:04
TSLA,sell,1,202.08,02/27 11:55:10
AMD,buy,1,177.69,02/27 11:55:32
AAPL,buy,1,180.85,02/27 11:55:33
AAPL,sell,1,180.8348,02/27 11:55:48
COIN,buy,1,200.1299,02/27 11:55:49
NVDA,sell,1,790.4201,02/27 11:55:51
AMD,buy,1,177.74,02/27 11:56:08
AAPL,sell,1,180.82,02/27 11:56:09
COIN,buy,1,200.3816,02/27 11:56:10
TSLA,buy,1,202.07,02/27 11:56:16
TSLA,sell,1,202.0412,02/27 11:56:26
AMD,buy,1,177.8506,02/27 11:56:38
AAPL,buy,1,180.881,02/27 11:56:39
COIN,sell,1,200,02/27 11:56:40
AMD,buy,1,177.9499,02/27 11:56:48
AAPL,buy,1,180.8901,02/27 11:56:49
COIN,sell,1,199.91,02/27 11:56:50
NVDA,sell,1,791.0601,02/27 11:56:52
AMD,buy,1,178.11,02/27 11:57:23
AAPL,buy,1,180.895,02/27 11:57:24
COIN,buy,1,200.35,02/27 11:57:25
TSLA,buy,1,202.07,02/27 11:57:36
AMD,sell,1,178.09,02/27 11:57:38
AAPL,sell,1,180.86,02/27 11:57:39
COIN,buy,1,200.38,02/27 11:57:40
NVDA,sell,1,791.7282,02/27 11:57:42
TSLA,buy,1,202.0993,02/27 11:57:46
AMD,buy,1,178.1894,02/27 11:58:09
AAPL,sell,1,180.835,02/27 11:58:10
COIN,sell,1,199.99,02/27 11:58:11
NVDA,buy,1,791.7319,02/27 11:58:13
TSLA,sell,1,202.05,02/27 11:58:22
AAPL,sell,1,180.806,02/27 11:58:25
COIN,sell,1,199.69,02/27 11:58:26
NVDA,sell,1,791.45,02/27 11:58:28
TSLA,sell,1,201.7901,02/27 11:58:37
AMD,sell,1,177.93,02/27 11:58:49
AMD,sell,1,177.88,02/27 11:58:59
AAPL,buy,1,180.835,02/27 11:59:00
COIN,buy,1,199.795,02/27 11:59:01
NVDA,sell,1,790.6899,02/27 11:59:03
TSLA,buy,1,201.9055,02/27 11:59:07
NVDA,buy,1,790.86,02/27 11:59:18
AMD,sell,1,177.8734,02/27 11:59:19
AAPL,buy,1,180.845,02/27 11:59:20
COIN,sell,1,199.43,02/27 11:59:21
TSLA,buy,1,201.9775,02/27 11:59:27
TSLA,sell,1,201.907,02/27 11:59:42
AMD,sell,1,177.8439,02/27 11:59:54
AAPL,sell,1,180.8374,02/27 11:59:55
COIN,buy,1,200.11,02/27 11:59:56
NVDA,buy,1,790.91,02/27 11:59:58
AMD,sell,1,177.838,02/27 11:59:59
AAPL,buy,1,180.84,02/27 12:00:00
NVDA,sell,1,790.8682,02/27 12:00:03
COIN,buy,1,200.1894,02/27 12:00:06
TSLA,sell,1,201.78,02/27 12:00:17
TSLA,buy,1,201.782,02/27 12:00:32
AMD,buy,1,177.96,02/27 12:00:45
AAPL,sell,1,180.795,02/27 12:00:46
COIN,buy,1,200.7499,02/27 12:00:47
NVDA,sell,1,790.5,02/27 12:00:49
TSLA,sell,1,201.5301,02/27 12:00:53
AMD,sell,1,177.91,02/27 12:01:05
AAPL,sell,1,180.791,02/27 12:01:06
COIN,sell,1,200.53,02/27 12:01:07
NVDA,sell,1,790.45,02/27 12:01:09
AMD,buy,1,177.9863,02/27 12:01:15
AAPL,buy,1,180.805,02/27 12:01:16
NVDA,buy,1,790.67,02/27 12:01:19
COIN,buy,1,201.045,02/27 12:01:22
AMD,buy,1,178.015,02/27 12:01:50
AAPL,buy,1,180.8491,02/27 12:01:51
COIN,sell,1,200.85,02/27 12:01:52
NVDA,buy,1,791.1087,02/27 12:01:54
TSLA,buy,1,201.4599,02/27 12:02:13
AMD,buy,1,178.092,02/27 12:02:25
AAPL,buy,1,180.9,02/27 12:02:26
COIN,buy,1,200.9899,02/27 12:02:27
NVDA,buy,1,791.12,02/27 12:02:29
TSLA,sell,1,201.375,02/27 12:02:33
AMD,sell,1,178.0401,02/27 12:02:45
AAPL,sell,1,180.88,02/27 12:02:46
COIN,sell,1,200.556,02/27 12:02:47
NVDA,sell,1,790.95,02/27 12:02:49
TSLA,buy,1,201.47,02/27 12:02:58
AMD,sell,1,177.98,02/27 12:03:10
AAPL,buy,1,180.89,02/27 12:03:11
COIN,buy,1,200.735,02/27 12:03:13
NVDA,buy,1,791,02/27 12:03:14
TSLA,buy,1,201.57,02/27 12:03:24
AMD,sell,1,177.95,02/27 12:03:36
AAPL,sell,1,180.855,02/27 12:03:37
COIN,buy,1,200.79,02/27 12:03:38
NVDA,sell,1,790.61,02/27 12:03:40
TSLA,sell,1,201.421,02/27 12:03:54
NVDA,buy,1,790.92,02/27 12:04:05
AAPL,buy,1,180.8701,02/27 12:04:07
COIN,buy,1,200.8,02/27 12:04:08
AMD,buy,1,177.99,02/27 12:04:11
AAPL,buy,1,180.875,02/27 12:04:12
COIN,sell,1,200.775,02/27 12:04:13
TSLA,buy,1,201.45,02/27 12:04:24
NVDA,sell,1,791.015,02/27 12:04:40
COIN,sell,1,200.33,02/27 12:04:43
TSLA,buy,1,201.4899,02/27 12:04:49
NVDA,buy,1,791.1099,02/27 12:04:55
TSLA,sell,1,201.4142,02/27 12:05:09
AMD,sell,1,178.02,02/27 12:05:21
AAPL,buy,1,180.93,02/27 12:05:22
COIN,buy,1,200.45,02/27 12:05:23
TSLA,sell,1,201.3899,02/27 12:05:34
AMD,buy,1,178.0204,02/27 12:05:47
COIN,sell,1,200.4331,02/27 12:05:49
AMD,sell,1,177.96,02/27 12:06:02
AAPL,buy,1,180.946,02/27 12:06:03
COIN,buy,1,200.56,02/27 12:06:04
NVDA,sell,1,791.02,02/27 12:06:06
TSLA,buy,1,201.4597,02/27 12:06:15
TSLA,buy,1,201.47,02/27 12:06:20
AMD,buy,1,178.05,02/27 12:06:32
AAPL,buy,1,180.985,02/27 12:06:33
COIN,sell,1,200.52,02/27 12:06:34
COIN,sell,1,200.44,02/27 12:06:39
NVDA,sell,1,791.74,02/27 12:06:41
TSLA,buy,1,201.65,02/27 12:06:45
AMD,sell,1,177.95,02/27 12:06:57
AAPL,buy,1,180.9912,02/27 12:06:58
TSLA,buy,1,201.74,02/27 12:07:05
AMD,sell,1,177.806,02/27 12:07:17
AAPL,sell,1,180.97,02/27 12:07:18
COIN,sell,1,200.325,02/27 12:07:19
NVDA,sell,1,791.515,02/27 12:07:21
AAPL,buy,1,180.975,02/27 12:07:28
AMD,buy,1,177.845,02/27 12:07:32
COIN,buy,1,200.4969,02/27 12:07:34
NVDA,buy,1,791.9499,02/27 12:07:36
TSLA,buy,1,201.8771,02/27 12:07:40
TSLA,sell,1,201.8,02/27 12:07:55
AAPL,sell,1,180.96,02/27 12:08:08
AMD,buy,1,177.99,02/27 12:08:12
COIN,buy,1,200.74,02/27 12:08:14
TSLA,sell,1,201.7,02/27 12:08:20
AMD,sell,1,177.8754,02/27 12:08:33
AAPL,buy,1,180.965,02/27 12:08:34
COIN,buy,1,200.77,02/27 12:08:35
TSLA,buy,1,201.8386,02/27 12:08:46
AMD,buy,1,178.05,02/27 12:08:58
AAPL,buy,1,180.974,02/27 12:08:59
COIN,sell,1,200.78,02/27 12:09:05
NVDA,sell,1,792.3708,02/27 12:09:07
TSLA,sell,1,201.705,02/27 12:09:11
AMD,buy,1,178.065,02/27 12:09:23
AAPL,sell,1,180.9101,02/27 12:09:24
TSLA,buy,1,201.85,02/27 12:09:26
AMD,sell,1,178.031,02/27 12:09:38
AAPL,sell,1,180.9,02/27 12:09:39
COIN,buy,1,200.85,02/27 12:09:40
NVDA,sell,1,791.6422,02/27 12:09:42
AMD,sell,1,177.98,02/27 12:09:53
AAPL,sell,1,180.8701,02/27 12:09:54
COIN,sell,1,200.84,02/27 12:09:55
NVDA,buy,1,791.671,02/27 12:09:57
TSLA,buy,1,201.885,02/27 12:10:06
COIN,sell,1,200.53,02/27 12:10:15
NVDA,buy,1,791.69,02/27 12:10:17
TSLA,buy,1,201.9,02/27 12:10:26
AMD,sell,1,177.935,02/27 12:10:38
AAPL,sell,1,180.86,02/27 12:10:39
COIN,sell,1,200.45,02/27 12:10:40
NVDA,buy,1,792,02/27 12:10:42
TSLA,buy,1,202.1336,02/27 12:10:46
AMD,sell,1,177.852,02/27 12:11:03
AAPL,buy,1,180.87,02/27 12:11:05
AMD,sell,1,177.752,02/27 12:11:09
AAPL,sell,1,180.853,02/27 12:11:10
NVDA,sell,1,791.62,02/27 12:11:13
COIN,sell,1,199.92,02/27 12:11:16
TSLA,buy,1,202.1697,02/27 12:11:22
AMD,sell,1,177.7392,02/27 12:11:29
AAPL,sell,1,180.845,02/27 12:11:30
COIN,sell,1,199.2406,02/27 12:11:31
NVDA,sell,1,791.4,02/27 12:11:33
TSLA,sell,1,202.09,02/27 12:11:42
AMD,sell,1,177.69,02/27 12:11:49
COIN,buy,1,199.57,02/27 12:11:51
NVDA,buy,1,791.62,02/27 12:11:53
TSLA,buy,1,202.3281,02/27 12:12:02
AMD,buy,1,177.89,02/27 12:12:14
AAPL,buy,1,180.865,02/27 12:12:15
COIN,buy,1,199.766,02/27 12:12:16
NVDA,buy,1,792.19,02/27 12:12:18
TSLA,buy,1,202.338,02/27 12:12:27
AMD,buy,1,177.97,02/27 12:12:34
AAPL,sell,1,180.83,02/27 12:12:35
NVDA,sell,1,791.9127,02/27 12:12:38
COIN,sell,1,199.57,02/27 12:12:41
TSLA,sell,1,202.2635,02/27 12:12:47
AMD,sell,1,177.8799,02/27 12:13:09
AAPL,buy,1,180.855,02/27 12:13:10
NVDA,buy,1,792.0986,02/27 12:13:13
TSLA,buy,1,202.27,02/27 12:13:17
TSLA,buy,1,202.36,02/27 12:13:27
AMD,buy,1,177.95,02/27 12:13:35
AAPL,sell,1,180.845,02/27 12:13:36
COIN,buy,1,199.725,02/27 12:13:37
TSLA,buy,1,202.398,02/27 12:13:43
AMD,sell,1,177.8648,02/27 12:14:00
AAPL,sell,1,180.82,02/27 12:14:01
COIN,sell,1,199.49,02/27 12:14:02
NVDA,sell,1,792.2301,02/27 12:14:04
TSLA,buy,1,202.592,02/27 12:14:13
AMD,buy,1,178.0525,02/27 12:14:25
AAPL,buy,1,180.84,02/27 12:14:26
COIN,buy,1,199.6147,02/27 12:14:27
AMD,buy,1,178.07,02/27 12:14:35
COIN,sell,1,199.5,02/27 12:14:37
NVDA,sell,1,792.74,02/27 12:14:39
TSLA,sell,1,202.38,02/27 12:14:48
NVDA,sell,1,792.4477,02/27 12:14:49
TSLA,sell,1,202.3276,02/27 12:14:58
AMD,sell,1,178.0085,02/27 12:15:10
AAPL,sell,1,180.7899,02/27 12:15:11
COIN,buy,1,199.54,02/27 12:15:12
AMD,buy,1,178.12,02/27 12:15:20
AAPL,buy,1,180.81,02/27 12:15:21
COIN,buy,1,199.59,02/27 12:15:22
NVDA,buy,1,792.886,02/27 12:15:24
TSLA,buy,1,202.428,02/27 12:15:33
TSLA,sell,1,202.358,02/27 12:15:43
AMD,sell,1,178.1123,02/27 12:15:50
AAPL,sell,1,180.76,02/27 12:15:51
NVDA,sell,1,792.27,02/27 12:15:54
COIN,sell,1,199.22,02/27 12:15:57
AMD,buy,1,178.15,02/27 12:16:05
AAPL,sell,1,180.755,02/27 12:16:07
COIN,buy,1,199.435,02/27 12:16:08
NVDA,buy,1,792.63,02/27 12:16:10
TSLA,buy,1,202.38,02/27 12:16:19
TSLA,buy,1,202.395,02/27 12:16:34
AMD,sell,1,178.095,02/27 12:16:46
AAPL,sell,1,180.74,02/27 12:16:47
COIN,sell,1,199.15,02/27 12:16:48
NVDA,sell,1,791.55,02/27 12:16:50
TSLA,sell,1,202.212,02/27 12:16:59
AMD,buy,1,178.115,02/27 12:17:11
AAPL,sell,1,180.725,02/27 12:17:12
COIN,buy,1,199.46,02/27 12:17:13
NVDA,buy,1,791.836,02/27 12:17:15
AAPL,sell,1,180.715,02/27 12:17:17
NVDA,buy,1,791.8989,02/27 12:17:20
TSLA,buy,1,202.3932,02/27 12:17:24
AMD,sell,1,178.1101,02/27 12:17:36
AMD,sell,1,178.1,02/27 12:17:46
COIN,sell,1,199.31,02/27 12:17:48
NVDA,sell,1,791.85,02/27 12:17:50
TSLA,sell,1,202.2899,02/27 12:17:59
AMD,sell,1,178.01,02/27 12:18:01
COIN,sell,1,199.05,02/27 12:18:03
NVDA,sell,1,791.325,02/27 12:18:05
TSLA,sell,1,202.1698,02/27 12:18:14
COIN,buy,1,199.28,02/27 12:18:28
NVDA,sell,1,790.856,02/27 12:18:30
TSLA,sell,1,202.14,02/27 12:18:40
TSLA,sell,1,202.1,02/27 12:18:50
AMD,buy,1,178.0076,02/27 12:18:57
AAPL,buy,1,180.645,02/27 12:18:58
COIN,sell,1,198.89,02/27 12:18:59
NVDA,buy,1,791.365,02/27 12:19:01
TSLA,sell,1,202.04,02/27 12:19:15
AMD,sell,1,177.898,02/27 12:19:22
AAPL,buy,1,180.66,02/27 12:19:23
NVDA,sell,1,790.83,02/27 12:19:26
COIN,sell,1,198.85,02/27 12:19:29
TSLA,sell,1,201.9406,02/27 12:19:35
AAPL,sell,1,180.624,02/27 12:19:48
NVDA,buy,1,790.9503,02/27 12:20:01
COIN,buy,1,198.92,02/27 12:20:04
TSLA,sell,1,201.8541,02/27 12:20:15
AMD,buy,1,177.99,02/27 12:20:27
AAPL,buy,1,180.6497,02/27 12:20:28
COIN,buy,1,199.205,02/27 12:20:29
NVDA,buy,1,791.52,02/27 12:20:31
AMD,buy,1,178.0283,02/27 12:20:37
AAPL,sell,1,180.645,02/27 12:20:38
COIN,buy,1,199.22,02/27 12:20:39
NVDA,buy,1,791.66,02/27 12:20:41
TSLA,buy,1,201.9466,02/27 12:20:45
AMD,buy,1,178.04,02/27 12:20:57
AAPL,buy,1,180.665,02/27 12:20:58
COIN,sell,1,199.0567,02/27 12:20:59
TSLA,sell,1,201.87,02/27 12:21:10
AMD,sell,1,178.03,02/27 12:21:23
AAPL,buy,1,180.68,02/27 12:21:24
COIN,buy,1,199.095,02/27 12:21:25
NVDA,buy,1,791.7799,02/27 12:21:27
TSLA,buy,1,201.9004,02/27 12:21:36
AMD,buy,1,178.08,02/27 12:21:43
AAPL,buy,1,180.7,02/27 12:21:44
COIN,sell,1,199.0166,02/27 12:21:45
NVDA,sell,1,791.598,02/27 12:21:47
TSLA,buy,1,201.9439,02/27 12:21:56
AMD,sell,1,178.05,02/27 12:22:08
COIN,buy,1,199.02,02/27 12:22:10
NVDA,buy,1,791.88,02/27 12:22:12
TSLA,sell,1,201.684,02/27 12:22:21
COIN,sell,1,198.427,02/27 12:22:35
NVDA,sell,1,790.255,02/27 12:22:37
TSLA,sell,1,201.595,02/27 12:22:46
NVDA,sell,1,789.9177,02/27 12:22:57
AMD,sell,1,177.6614,02/27 12:22:58
AAPL,sell,1,180.585,02/27 12:22:59
COIN,sell,1,198.21,02/27 12:23:00
TSLA,sell,1,201.4492,02/27 12:23:06
AMD,sell,1,177.52,02/27 12:23:18
TSLA,sell,1,201.325,02/27 12:23:26
AMD,buy,1,177.58,02/27 12:23:33
AAPL,buy,1,180.614,02/27 12:23:34
NVDA,sell,1,789.61,02/27 12:23:37
COIN,sell,1,198.03,02/27 12:23:40
TSLA,sell,1,201.18,02/27 12:23:51
AMD,sell,1,177.465,02/27 12:24:04
AAPL,sell,1,180.6001,02/27 12:24:05
COIN,buy,1,198.174,02/27 12:24:06
NVDA,sell,1,789.4945,02/27 12:24:08
TSLA,sell,1,201.165,02/27 12:24:12
AAPL,sell,1,180.5699,02/27 12:24:25
NVDA,buy,1,789.56,02/27 12:24:28
COIN,sell,1,197.8476,02/27 12:24:31
AAPL,sell,1,180.555,02/27 12:24:35
COIN,buy,1,197.895,02/27 12:24:36
NVDA,sell,1,789.2953,02/27 12:24:38
TSLA,sell,1,200.88,02/27 12:24:47
TSLA,buy,1,200.93,02/27 12:25:02
AMD,buy,1,177.5199,02/27 12:25:14
AAPL,buy,1,180.62,02/27 12:25:15
COIN,buy,1,198.08,02/27 12:25:16
NVDA,buy,1,789.8383,02/27 12:25:18
AMD,buy,1,177.52,02/27 12:25:24
AAPL,sell,1,180.6,02/27 12:25:25
COIN,buy,1,198.0941,02/27 12:25:26
NVDA,buy,1,790.12,02/27 12:25:28
TSLA,buy,1,201.155,02/27 12:25:37
AMD,buy,1,177.585,02/27 12:25:49
AAPL,buy,1,180.63,02/27 12:25:50
COIN,buy,1,198.5421,02/27 12:25:51
NVDA,buy,1,790.22,02/27 12:25:53
TSLA,buy,1,201.2212,02/27 12:26:02
AMD,sell,1,177.45,02/27 12:26:19
AAPL,sell,1,180.6284,02/27 12:26:20
COIN,sell,1,198.37,02/27 12:26:21
NVDA,buy,1,790.23,02/27 12:26:23
TSLA,sell,1,201.12,02/27 12:26:33
NVDA,buy,1,790.3074,02/27 12:26:34
TSLA,sell,1,201.012,02/27 12:26:43
AMD,buy,1,177.47,02/27 12:26:55
AAPL,sell,1,180.62,02/27 12:26:56
COIN,sell,1,198.09,02/27 12:26:57
AMD,sell,1,177.45,02/27 12:27:05
COIN,sell,1,197.98,02/27 12:27:07
NVDA,sell,1,789.98,02/27 12:27:09
TSLA,sell,1,201,02/27 12:27:18
AMD,buy,1,177.685,02/27 12:27:30
AAPL,buy,1,180.6699,02/27 12:27:31
COIN,sell,1,197.847,02/27 12:27:32
NVDA,buy,1,790.875,02/27 12:27:34
TSLA,buy,1,201.0999,02/27 12:27:43
COIN,buy,1,198.11,02/27 12:27:47
NVDA,buy,1,790.9599,02/27 12:27:49
TSLA,sell,1,201.0439,02/27 12:27:53
AMD,buy,1,177.69,02/27 12:28:05
AAPL,buy,1,180.69,02/27 12:28:06
TSLA,sell,1,200.915,02/27 12:28:13
AMD,buy,1,177.77,02/27 12:28:25
AAPL,buy,1,180.725,02/27 12:28:26
NVDA,buy,1,792.01,02/27 12:28:29
AAPL,buy,1,180.74,02/27 12:28:31
AMD,sell,1,177.735,02/27 12:28:55
AMD,buy,1,177.7387,02/27 12:29:00
AAPL,sell,1,180.726,02/27 12:29:01
COIN,buy,1,198.22,02/27 12:29:03
NVDA,sell,1,791.854,02/27 12:29:05
TSLA,buy,1,201.035,02/27 12:29:14
AMD,sell,1,177.712,02/27 12:29:26
AAPL,sell,1,180.69,02/27 12:29:27
COIN,buy,1,198.322,02/27 12:29:28
NVDA,buy,1,792.135,02/27 12:29:30
TSLA,sell,1,200.87,02/27 12:29:39
AMD,sell,1,177.65,02/27 12:29:51
AAPL,sell,1,180.6828,02/27 12:29:52
NVDA,sell,1,791.87,02/27 12:29:55
COIN,sell,1,198.015,02/27 12:29:58
NVDA,sell,1,791.798,02/27 12:30:10
AMD,buy,1,177.7401,02/27 12:30:31
AAPL,buy,1,180.71,02/27 12:30:32
NVDA,buy,1,792.088,02/27 12:30:35
TSLA,buy,1,200.84,02/27 12:30:44
AMD,buy,1,177.935,02/27 12:30:56
AAPL,buy,1,180.74,02/27 12:30:57
NVDA,sell,1,792,02/27 12:31:10
AMD,sell,1,177.93,02/27 12:31:11
AAPL,sell,1,180.72,02/27 12:31:12
COIN,buy,1,198.3699,02/27 12:31:13
TSLA,buy,1,200.865,02/27 12:31:24
TSLA,sell,1,200.7807,02/27 12:31:29
AMD,sell,1,177.862,02/27 12:31:41
AAPL,sell,1,180.715,02/27 12:31:42
COIN,sell,1,197.83,02/27 12:31:43
NVDA,sell,1,791.67,02/27 12:31:46
COIN,buy,1,197.935,02/27 12:31:49
NVDA,buy,1,791.769,02/27 12:31:51
TSLA,sell,1,200.742,02/27 12:32:00
AMD,buy,1,178.0299,02/27 12:32:12
AAPL,buy,1,180.7483,02/27 12:32:13
TSLA,buy,1,200.84,02/27 12:32:15
AMD,sell,1,178.0257,02/27 12:32:27
AAPL,sell,1,180.745,02/27 12:32:28
NVDA,sell,1,791.574,02/27 12:32:31
COIN,sell,1,197.75,02/27 12:32:34
NVDA,buy,1,791.7572,02/27 12:32:36
TSLA,sell,1,200.81,02/27 12:32:45
AMD,buy,1,178.1099,02/27 12:32:57
AAPL,sell,1,180.74,02/27 12:32:58
COIN,buy,1,197.76,02/27 12:32:59
AMD,sell,1,178,02/27 12:33:12
COIN,sell,1,197.07,02/27 12:33:14
NVDA,buy,1,791.96,02/27 12:33:16
AMD,buy,1,178.0499,02/27 12:33:27
COIN,buy,1,197.17,02/27 12:33:29
NVDA,buy,1,792.013,02/27 12:33:31
AMD,sell,1,177.9436,02/27 12:33:52
AAPL,buy,1,180.735,02/27 12:33:53
COIN,buy,1,197.5,02/27 12:33:54
NVDA,sell,1,791.905,02/27 12:33:56
AMD,sell,1,177.665,02/27 12:34:28
AAPL,sell,1,180.67,02/27 12:34:29
COIN,sell,1,197.43,02/27 12:34:30
NVDA,sell,1,790.85,02/27 12:34:32
NVDA,sell,1,790.78,02/27 12:34:42
AMD,sell,1,177.52,02/27 12:34:43
COIN,sell,1,197.2565,02/27 12:34:45
AMD,buy,1,177.612,02/27 12:35:13
COIN,buy,1,197.57,02/27 12:35:15
NVDA,buy,1,791.2287,02/27 12:35:17
TSLA,buy,1,200.4,02/27 12:35:31
AMD,buy,1,177.79,02/27 12:35:43
COIN,buy,1,197.68,02/27 12:35:45
NVDA,sell,1,790.9528,02/27 12:35:47
AMD,sell,1,177.7,02/27 12:35:53
COIN,sell,1,197.48,02/27 12:35:55
NVDA,sell,1,790.7953,02/27 12:35:57
TSLA,sell,1,200.14,02/27 12:36:06
COIN,buy,1,197.5,02/27 12:36:10
NVDA,buy,1,790.8682,02/27 12:36:12
AMD,buy,1,177.73,02/27 12:36:33
AMD,buy,1,177.82,02/27 12:36:53
AAPL,buy,1,180.634,02/27 12:36:54
COIN,buy,1,197.68,02/27 12:36:55
NVDA,buy,1,791.095,02/27 12:36:58
AMD,sell,1,177.7501,02/27 12:37:09
AAPL,buy,1,180.64,02/27 12:37:10
NVDA,sell,1,790.91,02/27 12:37:13
COIN,sell,1,197.58,02/27 12:37:16
AAPL,sell,1,180.6,02/27 12:37:30
AMD,buy,1,177.77,02/27 12:37:34
COIN,sell,1,197.3438,02/27 12:37:36
NVDA,sell,1,790.6,02/27 12:37:38
TSLA,buy,1,200.01,02/27 12:37:42
AMD,sell,1,177.7327,02/27 12:37:49
AAPL,sell,1,180.58,02/27 12:37:50
NVDA,sell,1,790.4679,02/27 12:37:53
COIN,buy,1,197.452,02/27 12:37:56
TSLA,buy,1,200.07,02/27 12:38:02
TSLA,sell,1,199.9601,02/27 12:38:07
AMD,sell,1,177.565,02/27 12:38:19
COIN,sell,1,197.17,02/27 12:38:21
NVDA,sell,1,790.12,02/27 12:38:23
NVDA,buy,1,790.385,02/27 12:38:33
TSLA,sell,1,199.938,02/27 12:38:37
AMD,buy,1,177.63,02/27 12:38:49
AAPL,buy,1,180.59,02/27 12:38:50
COIN,sell,1,196.925,02/27 12:38:51
AMD,sell,1,177.4563,02/27 12:38:59
AAPL,sell,1,180.568,02/27 12:39:00
COIN,sell,1,196.69,02/27 12:39:01
NVDA,sell,1,789.75,02/27 12:39:03
TSLA,buy,1,200.01,02/27 12:39:12
TSLA,sell,1,199.93,02/27 12:39:22
AMD,sell,1,177.4417,02/27 12:39:35
AAPL,buy,1,180.6012,02/27 12:39:36
COIN,sell,1,196.203,02/27 12:39:37
NVDA,buy,1,790.325,02/27 12:39:39
TSLA,buy,1,199.96,02/27 12:39:48
AMD,sell,1,177.255,02/27 12:40:00
AAPL,sell,1,180.58,02/27 12:40:01
COIN,sell,1,195.71,02/27 12:40:02
NVDA,sell,1,789.6,02/27 12:40:04
AAPL,buy,1,180.5876,02/27 12:40:06
NVDA,buy,1,789.68,02/27 12:40:09
COIN,sell,1,195.616,02/27 12:40:12
TSLA,sell,1,199.84,02/27 12:40:18
TSLA,buy,1,199.99,02/27 12:40:28
AMD,buy,1,177.3899,02/27 12:40:40
AAPL,buy,1,180.59,02/27 12:40:41
COIN,sell,1,195.4939,02/27 12:40:42
NVDA,buy,1,790.3011,02/27 12:40:44
TSLA,buy,1,200.085,02/27 12:40:53
AMD,buy,1,177.42,02/27 12:41:05
COIN,sell,1,195.25,02/27 12:41:07
NVDA,buy,1,790.42,02/27 12:41:09
TSLA,buy,1,200.102,02/27 12:41:18
AMD,sell,1,177.3894,02/27 12:41:25
NVDA,buy,1,790.52,02/27 12:41:29
AAPL,sell,1,180.54,02/27 12:41:31
COIN,buy,1,195.52,02/27 12:41:32
COIN,buy,1,195.5867,02/27 12:41:37
NVDA,buy,1,790.59,02/27 12:41:39
TSLA,sell,1,199.84,02/27 12:41:43
AMD,buy,1,177.405,02/27 12:41:55
AAPL,buy,1,180.545,02/27 12:41:56
NVDA,buy,1,790.5998,02/27 12:41:59
TSLA,buy,1,199.92,02/27 12:42:09
AMD,buy,1,177.418,02/27 12:42:21
AAPL,sell,1,180.5301,02/27 12:42:22
COIN,sell,1,195.29,02/27 12:42:23
TSLA,buy,1,199.97,02/27 12:42:29
AMD,sell,1,177.3,02/27 12:42:41
AAPL,sell,1,180.5,02/27 12:42:42
COIN,sell,1,195.07,02/27 12:42:43
NVDA,sell,1,790.22,02/27 12:42:45
AMD,buy,1,177.33,02/27 12:42:51
AAPL,buy,1,180.505,02/27 12:42:52
COIN,sell,1,195.04,02/27 12:42:53
NVDA,buy,1,790.26,02/27 12:42:55
TSLA,sell,1,199.78,02/27 12:43:04
TSLA,buy,1,199.8349,02/27 12:43:09
AMD,buy,1,177.5101,02/27 12:43:21
AAPL,buy,1,180.5676,02/27 12:43:22
COIN,sell,1,195,02/27 12:43:23
NVDA,buy,1,790.876,02/27 12:43:25
AMD,buy,1,177.57,02/27 12:43:36
AAPL,buy,1,180.58,02/27 12:43:37
NVDA,sell,1,790.77,02/27 12:43:40
TSLA,buy,1,199.916,02/27 12:43:44
AMD,sell,1,177.564,02/27 12:43:51
AAPL,buy,1,180.5826,02/27 12:43:52
COIN,sell,1,195.151,02/27 12:43:53
NVDA,buy,1,791.33,02/27 12:43:55
TSLA,sell,1,199.798,02/27 12:44:04
NVDA,sell,1,790.835,02/27 12:44:15
TSLA,sell,1,199.7906,02/27 12:44:24
AMD,sell,1,177.535,02/27 12:44:31
AAPL,sell,1,180.53,02/27 12:44:32
NVDA,buy,1,790.85,02/27 12:44:35
COIN,buy,1,195.425,02/27 12:44:39
TSLA,sell,1,199.78,02/27 12:44:45
AMD,sell,1,177.43,02/27 12:44:57
AAPL,buy,1,180.535,02/27 12:44:58
COIN,sell,1,195.2301,02/27 12:44:59
TSLA,buy,1,199.9038,02/27 12:45:05
AMD,buy,1,177.5,02/27 12:45:17
AAPL,sell,1,180.5328,02/27 12:45:18
COIN,sell,1,194.99,02/27 12:45:19
NVDA,buy,1,791.395,02/27 12:45:21
AMD,sell,1,177.4699,02/27 12:45:32
AAPL,sell,1,180.5199,02/27 12:45:33
COIN,sell,1,194.8112,02/27 12:45:34
NVDA,sell,1,791.09,02/27 12:45:36
TSLA,buy,1,200.0201,02/27 12:45:45
AMD,buy,1,177.5,02/27 12:45:52
AAPL,buy,1,180.55,02/27 12:45:53
COIN,buy,1,195.3211,02/27 12:45:54
TSLA,sell,1,199.8699,02/27 12:46:05
TSLA,sell,1,199.85,02/27 12:46:15
AMD,sell,1,177.435,02/27 12:46:27
AAPL,buy,1,180.556,02/27 12:46:28
COIN,sell,1,195.3136,02/27 12:46:29
NVDA,buy,1,791.76,02/27 12:46:31
AMD,buy,1,177.4783,02/27 12:46:37
AAPL,sell,1,180.55,02/27 12:46:38
COIN,buy,1,195.5,02/27 12:46:39
TSLA,sell,1,199.8071,02/27 12:46:50
TSLA,sell,1,199.658,02/27 12:47:05
AMD,sell,1,177.462,02/27 12:47:13
AAPL,buy,1,180.555,02/27 12:47:14
COIN,sell,1,195,02/27 12:47:14
NVDA,sell,1,791.4806,02/27 12:47:17
AMD,sell,1,177.29,02/27 12:47:43
AAPL,sell,1,180.5213,02/27 12:47:44
NVDA,sell,1,790.7926,02/27 12:47:47
AMD,buy,1,177.3365,02/27 12:48:03
AAPL,buy,1,180.53,02/27 12:48:04
COIN,buy,1,195.0718,02/27 12:48:05
NVDA,buy,1,790.935,02/27 12:48:07
COIN,sell,1,194.67,02/27 12:48:10
NVDA,buy,1,791.065,02/27 12:48:12
TSLA,buy,1,199.55,02/27 12:48:21
AMD,buy,1,177.438,02/27 12:48:33
AAPL,sell,1,180.5062,02/27 12:48:34
AMD,buy,1,177.44,02/27 12:48:43
AAPL,buy,1,180.52,02/27 12:48:44
NVDA,sell,1,791,02/27 12:48:47
TSLA,sell,1,199.5351,02/27 12:48:56
AMD,sell,1,177.42,02/27 12:49:03
AAPL,sell,1,180.475,02/27 12:49:04
NVDA,sell,1,790.53,02/27 12:49:07
AMD,buy,1,177.44,02/27 12:49:28
AAPL,sell,1,180.45,02/27 12:49:29
NVDA,buy,1,790.7599,02/27 12:49:32
AMD,buy,1,177.4526,02/27 12:49:48
AAPL,sell,1,180.445,02/27 12:49:50
COIN,buy,1,194.39,02/27 12:49:50
NVDA,buy,1,790.875,02/27 12:49:53
TSLA,buy,1,199.343,02/27 12:50:02
TSLA,buy,1,199.4,02/27 12:50:12
AMD,buy,1,177.455,02/27 12:50:24
AAPL,sell,1,180.4274,02/27 12:50:25
COIN,sell,1,194.22,02/27 12:50:26
NVDA,sell,1,790.8285,02/27 12:50:28
AMD,buy,1,177.4649,02/27 12:50:39
NVDA,buy,1,790.8722,02/27 12:50:43
COIN,buy,1,194.2789,02/27 12:50:46
AAPL,buy,1,180.42,02/27 12:51:00
COIN,sell,1,194.03,02/27 12:51:06
TSLA,sell,1,199.3799,02/27 12:51:12
AMD,buy,1,177.59,02/27 12:51:19
AAPL,sell,1,180.394,02/27 12:51:25
COIN,buy,1,194.65,02/27 12:51:26
TSLA,sell,1,199.35,02/27 12:51:37
COIN,sell,1,194.51,02/27 12:51:41
NVDA,sell,1,790.9465,02/27 12:51:43
AMD,sell,1,177.375,02/27 12:52:09
AMD,sell,1,177.2901,02/27 12:52:30
NVDA,sell,1,790.132,02/27 12:52:34
AMD,sell,1,177.1699,02/27 12:52:50
NVDA,sell,1,789.91,02/27 12:52:54
TSLA,buy,1,199.1,02/27 12:53:13
AMD,sell,1,177.08,02/27 12:53:25
AAPL,buy,1,180.384,02/27 12:53:26
NVDA,buy,1,790.0302,02/27 12:53:29
COIN,buy,1,192.84,02/27 12:53:32
AMD,sell,1,177.05,02/27 12:53:45
AAPL,buy,1,180.395,02/27 12:53:46
COIN,sell,1,192.63,02/27 12:53:47
NVDA,buy,1,790.201,02/27 12:53:49
TSLA,sell,1,199.08,02/27 12:53:58
AMD,sell,1,177.04,02/27 12:54:10
AAPL,sell,1,180.3677,02/27 12:54:11
COIN,buy,1,193.108,02/27 12:54:12
NVDA,buy,1,790.22,02/27 12:54:14
TSLA,buy,1,199.1754,02/27 12:54:23
AMD,buy,1,177.105,02/27 12:54:35
AAPL,sell,1,180.3515,02/27 12:54:36
COIN,buy,1,193.23,02/27 12:54:43
NVDA,sell,1,789.79,02/27 12:54:45
TSLA,sell,1,199.107,02/27 12:54:59
AMD,sell,1,177.044,02/27 12:55:11
COIN,buy,1,193.4203,02/27 12:55:18
NVDA,sell,1,789.564,02/27 12:55:20
TSLA,buy,1,198.7442,02/27 12:55:34
AMD,sell,1,176.702,02/27 12:55:46
COIN,sell,1,192.9999,02/27 12:55:48
NVDA,sell,1,788.52,02/27 12:55:50
AMD,buy,1,176.72,02/27 12:55:56
AAPL,buy,1,180.28,02/27 12:55:57
NVDA,buy,1,788.61,02/27 12:56:00
COIN,sell,1,192.88,02/27 12:56:03
TSLA,buy,1,198.8,02/27 12:56:09
AMD,buy,1,176.735,02/27 12:56:16
AAPL,buy,1,180.29,02/27 12:56:17
COIN,buy,1,193.33,02/27 12:56:18
NVDA,buy,1,788.625,02/27 12:56:20
TSLA,buy,1,198.88,02/27 12:56:24
NVDA,sell,1,788.0617,02/27 12:56:50
AMD,buy,1,176.7654,02/27 12:56:51
COIN,buy,1,193.35,02/27 12:56:53
TSLA,sell,1,198.83,02/27 12:56:59
AAPL,sell,1,180.26,02/27 12:57:03
COIN,sell,1,192.93,02/27 12:57:03
NVDA,sell,1,787.6801,02/27 12:57:05
TSLA,buy,1,198.8641,02/27 12:57:10
AMD,sell,1,176.67,02/27 12:57:22
AAPL,sell,1,180.245,02/27 12:57:28
COIN,buy,1,193.18,02/27 12:57:29
NVDA,buy,1,788.02,02/27 12:57:31
TSLA,buy,1,198.92,02/27 12:57:35
AMD,sell,1,176.5273,02/27 12:57:57
COIN,sell,1,192.79,02/27 12:57:59
NVDA,sell,1,787.93,02/27 12:58:01
TSLA,buy,1,198.98,02/27 12:58:10
TSLA,sell,1,198.692,02/27 12:58:25
AMD,buy,1,176.68,02/27 12:58:37
AAPL,buy,1,180.266,02/27 12:58:38
COIN,buy,1,193.62,02/27 12:58:39
NVDA,buy,1,788.585,02/27 12:58:41
TSLA,buy,1,199.19,02/27 12:58:50
AMD,buy,1,176.734,02/27 12:59:02
AAPL,sell,1,180.255,02/27 12:59:03
COIN,buy,1,193.64,02/27 12:59:04
AMD,buy,1,176.7402,02/27 12:59:07
COIN,buy,1,193.69,02/27 12:59:09
NVDA,sell,1,788.2165,02/27 12:59:11
TSLA,sell,1,199.16,02/27 12:59:20
TSLA,sell,1,199.065,02/27 12:59:30
AMD,buy,1,176.783,02/27 12:59:43
AAPL,buy,1,180.1703,02/27 12:59:44
COIN,sell,1,193.53,02/27 12:59:45
NVDA,buy,1,788.482,02/27 12:59:47
TSLA,sell,1,198.7308,02/27 12:59:51
AMD,sell,1,176.6101,02/27 13:00:03
AAPL,sell,1,180.1401,02/27 13:00:04
NVDA,sell,1,788,02/27 13:00:07
COIN,buy,1,193.73,02/27 13:00:10
TSLA,sell,1,198.5,02/27 13:00:26
AMD,sell,1,176.4899,02/27 13:00:38
AAPL,buy,1,180.19,02/27 13:00:39
COIN,sell,1,193.6606,02/27 13:00:40
NVDA,buy,1,788.32,02/27 13:00:42
AMD,buy,1,176.52,02/27 13:00:53
AAPL,buy,1,180.21,02/27 13:00:54
COIN,sell,1,193.39,02/27 13:00:55
NVDA,buy,1,788.734,02/27 13:00:57
TSLA,buy,1,198.885,02/27 13:01:06
TSLA,buy,1,198.92,02/27 13:01:16
AMD,buy,1,176.712,02/27 13:01:28
AAPL,buy,1,180.215,02/27 13:01:29
COIN,sell,1,194.04,02/27 13:01:40
NVDA,sell,1,788.955,02/27 13:01:42
TSLA,buy,1,199.13,02/27 13:01:52
TSLA,buy,1,199.1553,02/27 13:02:02
AMD,buy,1,177.0457,02/27 13:02:14
AAPL,buy,1,180.3301,02/27 13:02:15
COIN,buy,1,194.8258,02/27 13:02:16
NVDA,sell,1,789.94,02/27 13:02:28
TSLA,buy,1,199.17,02/27 13:02:37
AMD,buy,1,177.048,02/27 13:02:49
AAPL,sell,1,180.3199,02/27 13:02:50
AMD,buy,1,177.05,02/27 13:02:54
COIN,buy,1,195.4945,02/27 13:02:56
TSLA,buy,1,199.24,02/27 13:03:07
AMD,sell,1,176.95,02/27 13:03:29
AAPL,sell,1,180.25,02/27 13:03:30
COIN,buy,1,196.205,02/27 13:03:31
NVDA,sell,1,789.596,02/27 13:03:33
AMD,buy,1,176.955,02/27 13:03:44
AAPL,sell,1,180.2199,02/27 13:03:45
COIN,buy,1,196.36,02/27 13:03:46
NVDA,buy,1,789.72,02/27 13:03:48
TSLA,sell,1,199.145,02/27 13:03:57
AAPL,buy,1,180.295,02/27 13:04:06
TSLA,sell,1,199.0121,02/27 13:04:38
AMD,buy,1,176.96,02/27 13:04:50
COIN,sell,1,196.39,02/27 13:05:02
NVDA,sell,1,789.795,02/27 13:05:04
TSLA,buy,1,199.054,02/27 13:05:13
COIN,buy,1,196.775,02/27 13:05:17
TSLA,sell,1,198.91,02/27 13:05:23
AMD,sell,1,176.91,02/27 13:05:35
AAPL,sell,1,180.283,02/27 13:05:36
TSLA,sell,1,198.88,02/27 13:05:38
AMD,buy,1,176.9444,02/27 13:05:50
AAPL,sell,1,180.2799,02/27 13:05:51
COIN,sell,1,196.7,02/27 13:05:52
NVDA,sell,1,790.17,02/27 13:05:54
TSLA,buy,1,199.1001,02/27 13:06:08
AMD,buy,1,177.015,02/27 13:06:20
COIN,buy,1,196.7299,02/27 13:06:22
NVDA,buy,1,790.256,02/27 13:06:24
TSLA,buy,1,199.142,02/27 13:06:28
AMD,buy,1,177.1,02/27 13:06:41
AAPL,buy,1,180.295,02/27 13:06:42
COIN,sell,1,196.47,02/27 13:06:43
AMD,buy,1,177.13,02/27 13:06:51
AAPL,sell,1,180.2888,02/27 13:06:52
NVDA,sell,1,790.877,02/27 13:06:55
COIN,sell,1,195.755,02/27 13:06:58
TSLA,sell,1,198.97,02/27 13:07:04
AMD,sell,1,177.04,02/27 13:07:21
COIN,buy,1,196.415,02/27 13:07:23
NVDA,sell,1,790.6,02/27 13:07:25
TSLA,sell,1,198.955,02/27 13:07:34
TSLA,sell,1,198.95,02/27 13:07:39
AMD,buy,1,177.1099,02/27 13:07:51
COIN,buy,1,196.485,02/27 13:07:53
NVDA,sell,1,790.425,02/27 13:07:55
AMD,sell,1,177.08,02/27 13:08:06
COIN,sell,1,196.39,02/27 13:08:08
NVDA,sell,1,790.375,02/27 13:08:10
TSLA,sell,1,198.868,02/27 13:08:14
TSLA,buy,1,198.99,02/27 13:08:19
AMD,sell,1,177.065,02/27 13:08:31
COIN,buy,1,196.5501,02/27 13:08:33
NVDA,buy,1,790.4323,02/27 13:08:35
TSLA,sell,1,198.83,02/27 13:08:44
AMD,sell,1,176.975,02/27 13:08:56
COIN,sell,1,196.5,02/27 13:08:58
TSLA,sell,1,198.68,02/27 13:08:59
NVDA,sell,1,789.95,02/27 13:09:00
AMD,sell,1,176.88,02/27 13:09:12
AAPL,buy,1,180.2499,02/27 13:09:13
COIN,buy,1,196.67,02/27 13:09:14
NVDA,buy,1,790.002,02/27 13:09:16
NVDA,buy,1,790.28,02/27 13:09:26
TSLA,buy,1,198.8846,02/27 13:09:35
AMD,buy,1,176.9501,02/27 13:09:42
AAPL,sell,1,180.225,02/27 13:09:43
COIN,buy,1,196.845,02/27 13:09:44
NVDA,buy,1,790.435,02/27 13:09:51
TSLA,buy,1,198.8999,02/27 13:10:00
AMD,buy,1,177.0128,02/27 13:10:07
AAPL,buy,1,180.295,02/27 13:10:08
COIN,buy,1,197.49,02/27 13:10:14
NVDA,buy,1,790.6,02/27 13:10:16
TSLA,buy,1,198.9958,02/27 13:10:20
AMD,sell,1,176.96,02/27 13:10:42
AAPL,buy,1,180.325,02/27 13:10:43
COIN,sell,1,197.1103,02/27 13:10:44
NVDA,sell,1,790.23,02/27 13:10:46
TSLA,sell,1,198.956,02/27 13:10:55
AMD,buy,1,176.9981,02/27 13:10:57
AAPL,buy,1,180.34,02/27 13:10:58
COIN,sell,1,196.91,02/27 13:10:59
NVDA,buy,1,790.51,02/27 13:11:01
TSLA,buy,1,199,02/27 13:11:10
AMD,buy,1,177.065,02/27 13:11:28
AAPL,buy,1,180.36,02/27 13:11:28
COIN,sell,1,196.88,02/27 13:11:29
TSLA,buy,1,199.0999,02/27 13:11:46
AMD,sell,1,177.05,02/27 13:11:58
AAPL,buy,1,180.3687,02/27 13:11:59
COIN,sell,1,196.8036,02/27 13:12:00
TSLA,sell,1,199.0705,02/27 13:12:11
AMD,sell,1,176.932,02/27 13:12:23
AAPL,sell,1,180.335,02/27 13:12:24
COIN,buy,1,196.97,02/27 13:12:25
NVDA,buy,1,790.91,02/27 13:12:27
AAPL,sell,1,180.328,02/27 13:12:34
COIN,sell,1,196.83,02/27 13:12:35
TSLA,buy,1,199.128,02/27 13:12:46
AMD,buy,1,177.0167,02/27 13:12:48
TSLA,sell,1,199.05,02/27 13:13:01
COIN,buy,1,197.07,02/27 13:13:15
TSLA,sell,1,199.045,02/27 13:13:21
AMD,buy,1,177.09,02/27 13:13:33
AMD,sell,1,177.0701,02/27 13:13:38
AAPL,sell,1,180.325,02/27 13:13:39
COIN,sell,1,197.05,02/27 13:13:40
TSLA,sell,1,199.012,02/27 13:13:51
AMD,sell,1,177.0454,02/27 13:14:08
AAPL,sell,1,180.315,02/27 13:14:10
COIN,buy,1,197.1,02/27 13:14:10
NVDA,sell,1,791.52,02/27 13:14:13
TSLA,sell,1,198.84,02/27 13:14:22
TSLA,sell,1,198.8034,02/27 13:14:32
AAPL,sell,1,180.29,02/27 13:14:40
NVDA,buy,1,791.7299,02/27 13:14:43
AMD,sell,1,176.925,02/27 13:14:44
COIN,buy,1,197.3777,02/27 13:14:46
AMD,sell,1,176.9246,02/27 13:14:54
COIN,buy,1,197.4536,02/27 13:14:56
NVDA,sell,1,791.67,02/27 13:14:58
TSLA,buy,1,198.938,02/27 13:15:07
AMD,buy,1,177.0399,02/27 13:15:14
COIN,buy,1,197.6159,02/27 13:15:16
NVDA,buy,1,792.38,02/27 13:15:18
TSLA,sell,1,198.8816,02/27 13:15:27
TSLA,buy,1,198.9285,02/27 13:15:32
AMD,sell,1,177,02/27 13:15:44
COIN,buy,1,197.734,02/27 13:15:46
NVDA,sell,1,791.85,02/27 13:15:48
TSLA,sell,1,198.922,02/27 13:15:52
AMD,buy,1,177.0799,02/27 13:16:04
AAPL,buy,1,180.225,02/27 13:16:05
COIN,sell,1,197.73,02/27 13:16:06
NVDA,buy,1,792.0628,02/27 13:16:08
AMD,buy,1,177.1458,02/27 13:16:29
COIN,buy,1,197.93,02/27 13:16:31
COIN,buy,1,197.99,02/27 13:16:41
NVDA,sell,1,792.2999,02/27 13:16:43
COIN,buy,1,198.3469,02/27 13:17:02
NVDA,buy,1,792.5,02/27 13:17:04
AMD,buy,1,177.19,02/27 13:17:05
AMD,sell,1,177.18,02/27 13:17:25
AAPL,sell,1,180.2247,02/27 13:17:26
TSLA,buy,1,198.7748,02/27 13:17:33
AMD,sell,1,177.1361,02/27 13:17:40
COIN,buy,1,198.65,02/27 13:17:47
AMD,buy,1,177.172,02/27 13:17:55
NVDA,sell,1,792.45,02/27 13:17:59
TSLA,buy,1,198.81,02/27 13:18:08
AMD,sell,1,177.1469,02/27 13:18:15
COIN,sell,1,198.48,02/27 13:18:17
NVDA,buy,1,792.7574,02/27 13:18:19
TSLA,sell,1,198.795,02/27 13:18:28
NVDA,sell,1,792.18,02/27 13:18:44
AMD,sell,1,177.105,02/27 13:18:45
COIN,buy,1,198.52,02/27 13:18:47
TSLA,buy,1,198.84,02/27 13:18:53
TSLA,buy,1,198.9299,02/27 13:19:03
AMD,buy,1,177.128,02/27 13:19:16
AAPL,buy,1,180.135,02/27 13:19:17
COIN,sell,1,198.4076,02/27 13:19:18
NVDA,sell,1,792.0174,02/27 13:19:20
TSLA,buy,1,198.9669,02/27 13:19:29
AMD,sell,1,177.1,02/27 13:19:41
AAPL,sell,1,180.1302,02/27 13:19:42
COIN,buy,1,198.51,02/27 13:19:43
NVDA,buy,1,792.1774,02/27 13:19:45
AMD,sell,1,177.0901,02/27 13:19:46
AAPL,buy,1,180.135,02/27 13:19:47
COIN,sell,1,198.42,02/27 13:19:48
NVDA,sell,1,792.17,02/27 13:19:50
TSLA,sell,1,198.9001,02/27 13:19:59
AMD,buy,1,177.16,02/27 13:20:16
AAPL,sell,1,180.095,02/27 13:20:17
NVDA,buy,1,792.44,02/27 13:20:20
TSLA,buy,1,198.95,02/27 13:20:24
COIN,buy,1,198.51,02/27 13:20:33
TSLA,sell,1,198.8877,02/27 13:20:39
AMD,buy,1,177.38,02/27 13:20:51
AAPL,buy,1,180.105,02/27 13:20:52
TSLA,sell,1,198.85,02/27 13:20:59
AMD,sell,1,177.275,02/27 13:21:11
AAPL,buy,1,180.1271,02/27 13:21:12
COIN,buy,1,198.52,02/27 13:21:13
NVDA,sell,1,792.87,02/27 13:21:15
AMD,sell,1,177.27,02/27 13:21:21
AAPL,sell,1,180.1246,02/27 13:21:22
COIN,buy,1,198.68,02/27 13:21:23
NVDA,sell,1,792.7825,02/27 13:21:25
TSLA,sell,1,198.7504,02/27 13:21:34
TSLA,sell,1,198.5533,02/27 13:21:45
AMD,buy,1,177.3197,02/27 13:21:57
AAPL,buy,1,180.14,02/27 13:21:58
COIN,sell,1,198.41,02/27 13:21:59
NVDA,buy,1,793.05,02/27 13:22:01
NVDA,buy,1,793.379,02/27 13:22:06
TSLA,buy,1,198.685,02/27 13:22:15
AMD,buy,1,177.3407,02/27 13:22:22
AAPL,buy,1,180.18,02/27 13:22:23
COIN,buy,1,198.852,02/27 13:22:29
TSLA,sell,1,198.67,02/27 13:22:30
AMD,sell,1,177.3,02/27 13:22:42
AAPL,buy,1,180.1801,02/27 13:22:43
COIN,sell,1,198.68,02/27 13:22:44
TSLA,buy,1,198.7034,02/27 13:22:50
AMD,sell,1,177.265,02/27 13:23:02
AAPL,sell,1,180.165,02/27 13:23:03
COIN,sell,1,198.58,02/27 13:23:04
NVDA,sell,1,793.485,02/27 13:23:06
COIN,buy,1,198.6,02/27 13:23:14
NVDA,buy,1,793.6,02/27 13:23:16
TSLA,sell,1,198.52,02/27 13:23:25
AMD,buy,1,177.385,02/27 13:23:32
AAPL,buy,1,180.21,02/27 13:23:33
AMD,sell,1,177.38,02/27 13:23:48
AAPL,buy,1,180.305,02/27 13:23:48
COIN,buy,1,198.74,02/27 13:23:49
TSLA,buy,1,198.73,02/27 13:24:01
AMD,sell,1,177.464,02/27 13:24:23
AAPL,sell,1,180.386,02/27 13:24:24
NVDA,sell,1,794.53,02/27 13:24:27
COIN,buy,1,198.8,02/27 13:24:30
TSLA,buy,1,198.915,02/27 13:24:36
TSLA,sell,1,198.91,02/27 13:24:51
AMD,sell,1,177.3501,02/27 13:25:03
AAPL,sell,1,180.322,02/27 13:25:04
COIN,sell,1,198.2815,02/27 13:25:05
NVDA,sell,1,793.94,02/27 13:25:07
AMD,buy,1,177.3901,02/27 13:25:13
AAPL,buy,1,180.35,02/27 13:25:14
COIN,sell,1,198.09,02/27 13:25:15
NVDA,buy,1,794,02/27 13:25:17
TSLA,buy,1,199.018,02/27 13:25:26
TSLA,sell,1,198.9673,02/27 13:25:41
AMD,sell,1,177.08,02/27 13:26:09
AAPL,sell,1,180.29,02/27 13:26:10
COIN,sell,1,197.09,02/27 13:26:11
NVDA,sell,1,792.9153,02/27 13:26:13
AMD,sell,1,177.06,02/27 13:26:24
AAPL,buy,1,180.295,02/27 13:26:25
COIN,buy,1,197.254,02/27 13:26:26
NVDA,sell,1,792.715,02/27 13:26:28
TSLA,sell,1,198.87,02/27 13:26:37
COIN,sell,1,197.0803,02/27 13:26:41
NVDA,sell,1,792.32,02/27 13:26:43
AMD,sell,1,177.054,02/27 13:27:04
AAPL,sell,1,180.1899,02/27 13:27:05
AMD,buy,1,177.2113,02/27 13:27:19
AAPL,sell,1,180.155,02/27 13:27:20
COIN,sell,1,196.945,02/27 13:27:21
NVDA,buy,1,792.7,02/27 13:27:23
AMD,buy,1,177.224,02/27 13:27:29
AAPL,sell,1,180.14,02/27 13:27:30
NVDA,sell,1,792.4828,02/27 13:27:33
COIN,sell,1,196.59,02/27 13:27:36
TSLA,buy,1,198.738,02/27 13:27:43
AMD,buy,1,177.24,02/27 13:27:55
AAPL,sell,1,180.11,02/27 13:27:56
COIN,buy,1,196.8,02/27 13:27:57
NVDA,sell,1,792.28,02/27 13:27:59
TSLA,buy,1,198.76,02/27 13:28:08
AMD,buy,1,177.2599,02/27 13:28:15
AAPL,buy,1,180.1482,02/27 13:28:16
COIN,buy,1,197.25,02/27 13:28:17
NVDA,buy,1,792.4405,02/27 13:28:19
TSLA,buy,1,198.8686,02/27 13:28:28
AMD,buy,1,177.28,02/27 13:28:40
AAPL,sell,1,180.144,02/27 13:28:41
COIN,buy,1,197.44,02/27 13:28:42
NVDA,buy,1,792.67,02/27 13:28:44
TSLA,buy,1,198.9685,02/27 13:28:53
TSLA,sell,1,198.9414,02/27 13:29:03
AMD,sell,1,177.01,02/27 13:29:15
COIN,sell,1,196.95,02/27 13:29:17
NVDA,sell,1,791.7455,02/27 13:29:19
TSLA,sell,1,198.6806,02/27 13:29:23
AMD,sell,1,176.9977,02/27 13:29:36
COIN,buy,1,196.968,02/27 13:29:38
NVDA,sell,1,791.5668,02/27 13:29:40
COIN,buy,1,197.04,02/27 13:29:48
NVDA,sell,1,791.565,02/27 13:29:50
TSLA,sell,1,198.6,02/27 13:29:59
AMD,buy,1,177.0884,02/27 13:30:06
AMD,sell,1,177.0701,02/27 13:30:16
COIN,sell,1,197.0239,02/27 13:30:18
NVDA,buy,1,791.7581,02/27 13:30:20
TSLA,sell,1,198.58,02/27 13:30:29
COIN,buy,1,197.37,02/27 13:30:33
NVDA,sell,1,791.6202,02/27 13:30:35
TSLA,buy,1,198.7201,02/27 13:30:44
AMD,buy,1,177.2412,02/27 13:30:56
AAPL,buy,1,180.0717,02/27 13:30:57
AMD,sell,1,177.184,02/27 13:31:06
AAPL,sell,1,180.055,02/27 13:31:07
COIN,buy,1,197.39,02/27 13:31:08
NVDA,buy,1,792.09,02/27 13:31:10
TSLA,sell,1,198.62,02/27 13:31:19
TSLA,buy,1,198.73,02/27 13:31:24
AMD,buy,1,177.21,02/27 13:31:36
AAPL,buy,1,180.0602,02/27 13:31:37
COIN,buy,1,197.645,02/27 13:31:39
NVDA,sell,1,791.69,02/27 13:31:41
AMD,buy,1,177.26,02/27 13:31:57
AAPL,buy,1,180.068,02/27 13:31:58
NVDA,buy,1,792.2999,02/27 13:32:01
COIN,buy,1,198.22,02/27 13:32:04
TSLA,sell,1,198.64,02/27 13:32:10
AMD,sell,1,177.23,02/27 13:32:17
AAPL,sell,1,180.05,02/27 13:32:18
COIN,buy,1,198.38,02/27 13:32:19
NVDA,sell,1,792.1,02/27 13:32:21
TSLA,buy,1,198.675,02/27 13:32:30
AAPL,buy,1,180.06,02/27 13:32:33
COIN,buy,1,198.6711,02/27 13:32:39
TSLA,sell,1,198.44,02/27 13:32:45
AMD,buy,1,177.2898,02/27 13:32:57
AMD,buy,1,177.31,02/27 13:33:02
AAPL,buy,1,180.096,02/27 13:33:03
COIN,buy,1,198.97,02/27 13:33:04
NVDA,buy,1,791.7454,02/27 13:33:06
TSLA,buy,1,198.662,02/27 13:33:15
TSLA,sell,1,198.6,02/27 13:33:20
AMD,buy,1,177.35,02/27 13:33:32
AAPL,buy,1,180.1401,02/27 13:33:33
COIN,sell,1,198.8796,02/27 13:33:34
NVDA,buy,1,792.01,02/27 13:33:36
NVDA,sell,1,791.9,02/27 13:33:41
COIN,sell,1,198.81,02/27 13:33:44
AMD,buy,1,177.37,02/27 13:34:03
AAPL,sell,1,180.1124,02/27 13:34:03
AMD,sell,1,177.32,02/27 13:34:13
AAPL,buy,1,180.1309,02/27 13:34:14
COIN,buy,1,198.9593,02/27 13:34:15
NVDA,sell,1,791.65,02/27 13:34:17
TSLA,buy,1,198.627,02/27 13:34:26
TSLA,sell,1,198.59,02/27 13:34:36
AMD,sell,1,177.29,02/27 13:34:43
AAPL,sell,1,180.1064,02/27 13:34:44
COIN,sell,1,198.78,02/27 13:34:50
NVDA,buy,1,792.41,02/27 13:34:52
COIN,sell,1,198.395,02/27 13:34:55
AMD,buy,1,177.34,02/27 13:35:13
AAPL,buy,1,180.175,02/27 13:35:14
AMD,sell,1,177.2901,02/27 13:35:23
AAPL,sell,1,180.1699,02/27 13:35:24
COIN,buy,1,198.77,02/27 13:35:25
NVDA,buy,1,792.45,02/27 13:35:27
TSLA,buy,1,198.65,02/27 13:35:31
TSLA,sell,1,198.602,02/27 13:35:41
AMD,sell,1,177.13,02/27 13:35:53
AAPL,sell,1,180.155,02/27 13:35:54
NVDA,sell,1,791.29,02/27 13:35:57
COIN,sell,1,198.7501,02/27 13:36:00
AMD,sell,1,177.0538,02/27 13:36:18
AAPL,sell,1,180.125,02/27 13:36:19
COIN,sell,1,198.3,02/27 13:36:21
NVDA,sell,1,790.6969,02/27 13:36:22
AMD,buy,1,177.08,02/27 13:36:29
AAPL,buy,1,180.13,02/27 13:36:30
COIN,buy,1,198.35,02/27 13:36:31
AMD,sell,1,177.01,02/27 13:37:04
AAPL,sell,1,180.12,02/27 13:37:05
COIN,buy,1,198.43,02/27 13:37:06
AMD,buy,1,177.09,02/27 13:37:34
AAPL,buy,1,180.144,02/27 13:37:35
COIN,buy,1,198.8056,02/27 13:37:36
TSLA,buy,1,198.48,02/27 13:37:37
AMD,sell,1,177.07,02/27 13:37:49
AAPL,buy,1,180.15,02/27 13:37:50
NVDA,buy,1,790.245,02/27 13:37:53
COIN,sell,1,198.8,02/27 13:37:56
TSLA,buy,1,198.6979,02/27 13:38:02
AMD,buy,1,177.0901,02/27 13:38:14
AAPL,sell,1,180.1401,02/27 13:38:15
COIN,sell,1,198.7,02/27 13:38:16
NVDA,sell,1,790.1446,02/27 13:38:18
TSLA,sell,1,198.6108,02/27 13:38:32
AMD,buy,1,177.1937,02/27 13:38:39
AAPL,sell,1,180.12,02/27 13:38:40
NVDA,buy,1,790.41,02/27 13:38:44
COIN,buy,1,198.77,02/27 13:38:47
AMD,sell,1,177.1689,02/27 13:38:55
AAPL,sell,1,180.1117,02/27 13:38:56
COIN,sell,1,198.7455,02/27 13:38:57
NVDA,buy,1,790.5799,02/27 13:38:59
TSLA,buy,1,198.7301,02/27 13:39:08
AMD,buy,1,177.205,02/27 13:39:10
AAPL,buy,1,180.115,02/27 13:39:11
COIN,buy,1,198.785,02/27 13:39:12
NVDA,buy,1,790.7339,02/27 13:39:14
TSLA,buy,1,198.85,02/27 13:39:18
AMD,buy,1,177.26,02/27 13:39:40
AAPL,buy,1,180.15,02/27 13:39:41
COIN,sell,1,198.4899,02/27 13:39:42
NVDA,buy,1,791.16,02/27 13:39:44
TSLA,sell,1,198.772,02/27 13:39:48
TSLA,sell,1,198.7,02/27 13:39:58
AMD,sell,1,177.2502,02/27 13:40:10
AAPL,buy,1,180.2,02/27 13:40:11
COIN,sell,1,198.34,02/27 13:40:12
NVDA,sell,1,790.9972,02/27 13:40:14
AMD,sell,1,177.2309,02/27 13:40:20
AAPL,buy,1,180.23,02/27 13:40:21
COIN,sell,1,198.2582,02/27 13:40:22
NVDA,buy,1,791.1901,02/27 13:40:24
TSLA,buy,1,198.8284,02/27 13:40:33
AMD,sell,1,177.178,02/27 13:40:45
AAPL,buy,1,180.24,02/27 13:40:46
COIN,buy,1,198.36,02/27 13:40:47
NVDA,sell,1,790.8999,02/27 13:40:49
TSLA,buy,1,199.01,02/27 13:40:59
AMD,sell,1,177.1,02/27 13:41:11
AAPL,sell,1,180.19,02/27 13:41:12
COIN,sell,1,197.6899,02/27 13:41:13
NVDA,sell,1,790.4,02/27 13:41:15
TSLA,sell,1,198.88,02/27 13:41:24
TSLA,sell,1,198.87,02/27 13:41:29
AMD,buy,1,177.107,02/27 13:41:41
AAPL,buy,1,180.1901,02/27 13:41:42
COIN,sell,1,197.442,02/27 13:41:43
NVDA,sell,1,790.35,02/27 13:41:45
AMD,sell,1,177.06,02/27 13:41:56
AAPL,sell,1,180.16,02/27 13:41:57
COIN,sell,1,197.32,02/27 13:41:58
NVDA,buy,1,790.404,02/27 13:42:00
TSLA,sell,1,198.86,02/27 13:42:09
AMD,sell,1,177.05,02/27 13:42:31
AAPL,sell,1,180.1382,02/27 13:42:32
COIN,sell,1,196.9014,02/27 13:42:33
NVDA,sell,1,790.3855,02/27 13:42:35
AMD,buy,1,177.0793,02/27 13:42:46
AAPL,sell,1,180.125,02/27 13:42:47
COIN,buy,1,197.06,02/27 13:42:48
NVDA,buy,1,790.722,02/27 13:42:50
AAPL,sell,1,180.12,02/27 13:43:02
COIN,buy,1,197.09,02/27 13:43:03
NVDA,sell,1,790.67,02/27 13:43:05
TSLA,buy,1,198.7916,02/27 13:43:09
AMD,sell,1,177.065,02/27 13:43:21
AAPL,buy,1,180.13,02/27 13:43:22
COIN,buy,1,197.1,02/27 13:43:23
NVDA,buy,1,790.7239,02/27 13:43:26
TSLA,sell,1,198.785,02/27 13:43:35
AAPL,buy,1,180.1431,02/27 13:43:43
NVDA,sell,1,790.6901,02/27 13:43:46
COIN,buy,1,197.2993,02/27 13:43:49
TSLA,buy,1,198.86,02/27 13:43:55
AMD,buy,1,177.0899,02/27 13:44:07
AAPL,buy,1,180.145,02/27 13:44:08
COIN,buy,1,197.4099,02/27 13:44:09
NVDA,buy,1,791.15,02/27 13:44:11
TSLA,sell,1,198.83,02/27 13:44:20
AMD,buy,1,177.1265,02/27 13:44:37
AAPL,buy,1,180.17,02/27 13:44:38
COIN,sell,1,197.2819,02/27 13:44:39
NVDA,sell,1,791.04,02/27 13:44:41
TSLA,buy,1,198.7801,02/27 13:44:55
AMD,buy,1,177.13,02/27 13:45:07
AAPL,sell,1,180.165,02/27 13:45:08
COIN,buy,1,197.56,02/27 13:45:09
NVDA,sell,1,790.91,02/27 13:45:11
TSLA,buy,1,198.7869,02/27 13:45:20
AMD,sell,1,177.02,02/27 13:45:32
COIN,buy,1,198.26,02/27 13:45:34
TSLA,buy,1,198.944,02/27 13:45:45
AMD,buy,1,177.07,02/27 13:45:57
AAPL,buy,1,180.2,02/27 13:45:58
COIN,sell,1,198.18,02/27 13:45:59
NVDA,buy,1,790.5,02/27 13:46:01
TSLA,sell,1,198.812,02/27 13:46:10
AMD,sell,1,177.048,02/27 13:46:18
AAPL,sell,1,180.17,02/27 13:46:19
NVDA,buy,1,790.644,02/27 13:46:22
COIN,sell,1,197.74,02/27 13:46:25
TSLA,buy,1,198.9015,02/27 13:46:26
AMD,sell,1,176.968,02/27 13:46:38
COIN,buy,1,197.79,02/27 13:46:40
NVDA,sell,1,789.975,02/27 13:46:42
AMD,sell,1,176.9158,02/27 13:46:48
AAPL,buy,1,180.171,02/27 13:46:49
NVDA,sell,1,789.832,02/27 13:46:52
COIN,buy,1,198.195,02/27 13:46:55
TSLA,sell,1,198.8999,02/27 13:47:06
AMD,sell,1,176.84,02/27 13:47:18
AAPL,buy,1,180.174,02/27 13:47:19
COIN,sell,1,198.02,02/27 13:47:20
TSLA,buy,1,198.965,02/27 13:47:31
AAPL,sell,1,180.1701,02/27 13:47:34
AMD,buy,1,176.8407,02/27 13:47:38
COIN,sell,1,197.8693,02/27 13:47:40
TSLA,sell,1,198.9099,02/27 13:47:46
AMD,buy,1,176.86,02/27 13:48:03
AAPL,sell,1,180.1609,02/27 13:48:04
COIN,buy,1,197.99,02/27 13:48:05
NVDA,buy,1,789.95,02/27 13:48:07
TSLA,buy,1,199.005,02/27 13:48:11
AMD,buy,1,176.94,02/27 13:48:28
AAPL,buy,1,180.18,02/27 13:48:29
COIN,buy,1,198.06,02/27 13:48:30
NVDA,buy,1,790.46,02/27 13:48:32
TSLA,sell,1,198.962,02/27 13:48:41
AMD,buy,1,177.09,02/27 13:48:48
AAPL,sell,1,180.174,02/27 13:48:49
COIN,buy,1,198.065,02/27 13:48:50
NVDA,sell,1,790.4417,02/27 13:48:52
TSLA,buy,1,198.9868,02/27 13:48:57
TSLA,buy,1,199.0834,02/27 13:49:07
AMD,buy,1,177.115,02/27 13:49:19
AAPL,buy,1,180.205,02/27 13:49:20
COIN,sell,1,197.98,02/27 13:49:21
NVDA,buy,1,790.646,02/27 13:49:23
COIN,sell,1,197.965,02/27 13:49:31
NVDA,buy,1,790.6544,02/27 13:49:33
TSLA,buy,1,199.145,02/27 13:49:42
AAPL,buy,1,180.235,02/27 13:49:50
AMD,buy,1,177.18,02/27 13:49:54
AMD,sell,1,177.1504,02/27 13:50:04
AAPL,sell,1,180.2301,02/27 13:50:05
COIN,sell,1,197.925,02/27 13:50:06
NVDA,buy,1,790.8201,02/27 13:50:08
TSLA,sell,1,199.1,02/27 13:50:17
TSLA,buy,1,199.12,02/27 13:50:27
TSLA,sell,1,199.0699,02/27 13:50:47
AMD,sell,1,177.1,02/27 13:50:54
AAPL,sell,1,180.22,02/27 13:50:55
COIN,sell,1,197.62,02/27 13:51:01
TSLA,sell,1,199.0501,02/27 13:51:02
AMD,buy,1,177.118,02/27 13:51:14
AAPL,buy,1,180.246,02/27 13:51:15
COIN,sell,1,197.38,02/27 13:51:16
NVDA,sell,1,791.03,02/27 13:51:18
AMD,sell,1,177.08,02/27 13:51:39
AAPL,sell,1,180.23,02/27 13:51:40
COIN,sell,1,197.26,02/27 13:51:41
NVDA,buy,1,791.175,02/27 13:51:44
TSLA,sell,1,198.9729,02/27 13:51:58
NVDA,buy,1,791.2764,02/27 13:51:59
COIN,sell,1,196.837,02/27 13:52:02
TSLA,buy,1,199.025,02/27 13:52:08
AMD,buy,1,177.12,02/27 13:52:20
AAPL,buy,1,180.245,02/27 13:52:21
AMD,buy,1,177.1408,02/27 13:52:30
AAPL,sell,1,180.24,02/27 13:52:31
COIN,buy,1,197.28,02/27 13:52:32
TSLA,buy,1,199.0602,02/27 13:52:43
NVDA,sell,1,791.3335,02/27 13:52:59
COIN,buy,1,197.38,02/27 13:53:02
TSLA,sell,1,199.0001,02/27 13:53:08
AMD,sell,1,177.15,02/27 13:53:20
AAPL,sell,1,180.225,02/27 13:53:21
COIN,sell,1,197.33,02/27 13:53:22
NVDA,sell,1,790.89,02/27 13:53:24
TSLA,buy,1,199.052,02/27 13:53:33
AMD,buy,1,177.1757,02/27 13:53:40
AAPL,sell,1,180.2,02/27 13:53:41
NVDA,buy,1,791.4511,02/27 13:53:44
TSLA,buy,1,199.0701,02/27 13:53:54
TSLA,sell,1,199.0564,02/27 13:53:59
AMD,buy,1,177.178,02/27 13:54:11
AAPL,sell,1,180.13,02/27 13:54:12
COIN,sell,1,196.9914,02/27 13:54:13
NVDA,sell,1,791.2575,02/27 13:54:15
AMD,sell,1,177.16,02/27 13:54:31
AAPL,buy,1,180.15,02/27 13:54:32
COIN,buy,1,197.637,02/27 13:54:33
NVDA,sell,1,791.07,02/27 13:54:35
TSLA,buy,1,199.11,02/27 13:54:44
AMD,sell,1,177.1252,02/27 13:54:56
AAPL,buy,1,180.1795,02/27 13:54:57
COIN,buy,1,197.73,02/27 13:54:58
NVDA,sell,1,791.045,02/27 13:55:00
TSLA,sell,1,199.0722,02/27 13:55:09
TSLA,sell,1,199.03,02/27 13:55:14
AMD,buy,1,177.1601,02/27 13:55:26
AAPL,buy,1,180.185,02/27 13:55:27
COIN,sell,1,197.6131,02/27 13:55:28
NVDA,buy,1,791.1597,02/27 13:55:30
TSLA,buy,1,199.035,02/27 13:55:34
AMD,buy,1,177.19,02/27 13:55:47
AAPL,buy,1,180.209,02/27 13:55:48
COIN,buy,1,197.7699,02/27 13:55:49
NVDA,buy,1,791.38,02/27 13:55:51
TSLA,buy,1,199.08,02/27 13:56:00
AMD,buy,1,177.25,02/27 13:56:12
AAPL,buy,1,180.2267,02/27 13:56:13
COIN,buy,1,197.85,02/27 13:56:14
NVDA,sell,1,791.3788,02/27 13:56:16
NVDA,sell,1,791.27,02/27 13:56:21
AMD,buy,1,177.26,02/27 13:56:22
AAPL,sell,1,180.225,02/27 13:56:23
COIN,sell,1,197.83,02/27 13:56:24
TSLA,buy,1,199.14,02/27 13:56:30
AMD,sell,1,177.23,02/27 13:56:42
AAPL,buy,1,180.235,02/27 13:56:43
COIN,sell,1,197.6741,02/27 13:56:44
NVDA,sell,1,790.955,02/27 13:56:46
TSLA,sell,1,199.09,02/27 13:56:50
TSLA,buy,1,199.16,02/27 13:57:05
AMD,buy,1,177.27,02/27 13:57:12
AAPL,buy,1,180.25,02/27 13:57:13
NVDA,buy,1,790.9848,02/27 13:57:16
COIN,buy,1,197.7,02/27 13:57:19
AAPL,buy,1,180.26,02/27 13:57:23
COIN,sell,1,197.62,02/27 13:57:24
NVDA,sell,1,790.879,02/27 13:57:26
TSLA,buy,1,199.2011,02/27 13:57:35
NVDA,buy,1,791.1864,02/27 13:57:46
COIN,buy,1,198.31,02/27 13:57:49
TSLA,buy,1,199.355,02/27 13:57:55
AMD,sell,1,177.26,02/27 13:58:13
AAPL,buy,1,180.3202,02/27 13:58:14
AMD,buy,1,177.29,02/27 13:58:18
AAPL,buy,1,180.35,02/27 13:58:19
COIN,buy,1,198.3213,02/27 13:58:20
TSLA,buy,1,199.3808,02/27 13:58:31
TSLA,buy,1,199.422,02/27 13:58:46
AAPL,sell,1,180.07,02/27 13:59:04
COIN,buy,1,198.52,02/27 13:59:05
AMD,sell,1,177.35,02/27 13:59:28
AAPL,buy,1,180.25,02/27 13:59:29
COIN,sell,1,198.49,02/27 13:59:30
NVDA,sell,1,791.3913,02/27 13:59:32
AMD,sell,1,177.348,02/27 13:59:48
AAPL,buy,1,180.3219,02/27 13:59:49
COIN,sell,1,198.4119,02/27 13:59:50
NVDA,buy,1,791.4,02/27 13:59:52
TSLA,buy,1,200.165,02/27 14:00:01
TSLA,buy,1,200.245,02/27 14:00:06
TSLA,sell,1,200.02,02/27 14:00:37
AMD,sell,1,177.3599,02/27 14:00:49
AAPL,buy,1,181.0716,02/27 14:00:50
COIN,buy,1,198.75,02/27 14:00:51
NVDA,sell,1,791.7527,02/27 14:00:53
AMD,buy,1,177.4,02/27 14:00:59
AAPL,buy,1,181.175,02/27 14:01:00
COIN,buy,1,198.778,02/27 14:01:01
TSLA,sell,1,199.575,02/27 14:01:12
TSLA,sell,1,199.48,02/27 14:01:22
AMD,buy,1,177.4042,02/27 14:01:39
AAPL,sell,1,180.85,02/27 14:01:40
COIN,sell,1,198.54,02/27 14:01:41
NVDA,buy,1,791.85,02/27 14:01:43
AMD,sell,1,177.37,02/27 14:01:44
AAPL,sell,1,180.77,02/27 14:01:45
NVDA,sell,1,791.62,02/27 14:01:48
COIN,buy,1,198.64,02/27 14:01:51
TSLA,sell,1,199.35,02/27 14:02:02
AMD,sell,1,177.285,02/27 14:02:14
AAPL,sell,1,180.45,02/27 14:02:15
COIN,sell,1,198.56,02/27 14:02:16
TSLA,buy,1,199.49,02/27 14:02:22
AMD,buy,1,177.34,02/27 14:02:34
NVDA,buy,1,791.0599,02/27 14:02:38
AAPL,buy,1,180.7,02/27 14:02:40
COIN,buy,1,198.6924,02/27 14:02:41
TSLA,sell,1,199.39,02/27 14:02:48
TSLA,buy,1,199.465,02/27 14:03:03
AMD,sell,1,177.28,02/27 14:03:15
AAPL,buy,1,180.7801,02/27 14:03:16
COIN,sell,1,198,02/27 14:03:17
NVDA,sell,1,790.835,02/27 14:03:19
TSLA,sell,1,199.4346,02/27 14:03:23
AMD,sell,1,177.245,02/27 14:03:35
AAPL,sell,1,180.7,02/27 14:03:36
COIN,sell,1,197.92,02/27 14:03:37
TSLA,sell,1,199.431,02/27 14:03:48
AMD,sell,1,177.23,02/27 14:04:00
AAPL,buy,1,180.81,02/27 14:04:01
COIN,buy,1,198.05,02/27 14:04:02
AMD,sell,1,177.15,02/27 14:04:10
AAPL,buy,1,180.835,02/27 14:04:11
COIN,sell,1,197.88,02/27 14:04:12
TSLA,buy,1,199.61,02/27 14:04:23
AMD,buy,1,177.1671,02/27 14:04:40
AAPL,buy,1,180.87,02/27 14:04:41
COIN,buy,1,197.95,02/27 14:04:42
NVDA,buy,1,790.455,02/27 14:04:44
TSLA,buy,1,199.69,02/27 14:04:53
AMD,buy,1,177.1999,02/27 14:05:05
AAPL,sell,1,180.59,02/27 14:05:06
COIN,sell,1,197.785,02/27 14:05:07
TSLA,buy,1,199.722,02/27 14:05:19
TSLA,buy,1,199.78,02/27 14:05:24
AMD,buy,1,177.22,02/27 14:05:36
TSLA,sell,1,199.672,02/27 14:06:04
COIN,sell,1,197.9416,02/27 14:06:08
TSLA,buy,1,199.7888,02/27 14:06:19
AMD,buy,1,177.3203,02/27 14:06:31
AMD,sell,1,177.31,02/27 14:07:21
AAPL,sell,1,180.785,02/27 14:07:22
COIN,sell,1,198.25,02/27 14:07:23
NVDA,sell,1,791.177,02/27 14:07:25
TSLA,buy,1,200.205,02/27 14:07:35
NVDA,buy,1,791.2345,02/27 14:07:41
COIN,sell,1,198.232,02/27 14:07:44
TSLA,sell,1,200.16,02/27 14:07:50
AMD,sell,1,177.2,02/27 14:08:02
AAPL,buy,1,180.89,02/27 14:08:03
NVDA,sell,1,790.918,02/27 14:08:06
AMD,buy,1,177.22,02/27 14:08:07
COIN,buy,1,198.27,02/27 14:08:09
TSLA,sell,1,200.08,02/27 14:08:15
AMD,sell,1,177.14,02/27 14:08:37
AAPL,sell,1,180.81,02/27 14:08:38
COIN,sell,1,198.01,02/27 14:08:39
TSLA,sell,1,200.045,02/27 14:08:45
TSLA,buy,1,200.14,02/27 14:08:55
TSLA,buy,1,200.56,02/27 14:42:46
AMD,buy,1,177.6501,02/27 14:42:58
COIN,buy,1,197.2,02/27 14:43:00
NVDA,buy,1,791.9999,02/27 14:43:02
TSLA,sell,1,200.5502,02/27 14:43:11
AMD,sell,1,177.59,02/27 14:43:23
AAPL,buy,1,183.09,02/27 14:43:24
COIN,sell,1,196.89,02/27 14:43:25
NVDA,sell,1,791.72,02/27 14:43:27
AAPL,buy,1,183.165,02/27 14:43:39
AMD,buy,1,177.595,02/27 14:43:43
TSLA,buy,1,200.62,02/27 14:43:51
TSLA,sell,1,200.5946,02/27 14:44:02
AMD,buy,1,177.686,02/27 14:44:14
AAPL,sell,1,183.0699,02/27 14:44:15
COIN,buy,1,196.855,02/27 14:44:16
AMD,sell,1,177.685,02/27 14:44:29
AAPL,buy,1,183.07,02/27 14:44:30
COIN,buy,1,197.095,02/27 14:44:31
NVDA,buy,1,791.36,02/27 14:44:33
TSLA,buy,1,200.7984,02/27 14:44:42
NVDA,sell,1,791.1557,02/27 14:44:43
TSLA,buy,1,200.82,02/27 14:44:52
AMD,buy,1,177.72,02/27 14:45:04
AAPL,buy,1,183.08,02/27 14:45:05
COIN,buy,1,197.35,02/27 14:45:06
AMD,sell,1,177.592,02/27 14:45:14
AAPL,sell,1,183.06,02/27 14:45:15
COIN,sell,1,197.2038,02/27 14:45:16
TSLA,sell,1,200.799,02/27 14:45:27
TSLA,sell,1,200.77,02/27 14:45:32
AAPL,sell,1,183.008,02/27 14:45:40
AMD,sell,1,177.5887,02/27 14:45:44
COIN,buy,1,197.2685,02/27 14:45:46
NVDA,buy,1,791.17,02/27 14:45:48
AMD,buy,1,177.602,02/27 14:46:09
AAPL,buy,1,183.04,02/27 14:46:10
COIN,sell,1,197.1,02/27 14:46:11
NVDA,buy,1,791.3,02/27 14:46:13
NVDA,sell,1,791.2906,02/27 14:46:18
AMD,buy,1,177.6968,02/27 14:46:39
AAPL,sell,1,182.92,02/27 14:46:40
AAPL,sell,1,182.88,02/27 14:46:51
NVDA,buy,1,791.4907,02/27 14:46:54
AMD,buy,1,177.725,02/27 14:46:55
COIN,buy,1,197.106,02/27 14:46:57
AMD,buy,1,177.758,02/27 14:47:05
AAPL,buy,1,182.92,02/27 14:47:06
COIN,sell,1,196.84,02/27 14:47:07
NVDA,sell,1,791.1479,02/27 14:47:09
AMD,sell,1,177.65,02/27 14:47:35
AAPL,buy,1,182.94,02/27 14:47:36
NVDA,buy,1,791.41,02/27 14:47:39
COIN,buy,1,197.11,02/27 14:47:42
TSLA,buy,1,200.66,02/27 14:47:53
AMD,sell,1,177.63,02/27 14:48:10
AAPL,sell,1,182.755,02/27 14:48:11
COIN,buy,1,197.262,02/27 14:48:12
NVDA,sell,1,791.332,02/27 14:48:14
COIN,buy,1,197.47,02/27 14:48:22
TSLA,sell,1,200.61,02/27 14:48:23
NVDA,buy,1,791.5,02/27 14:48:24
TSLA,buy,1,200.63,02/27 14:48:33
AMD,sell,1,177.57,02/27 14:48:45
AAPL,sell,1,182.72,02/27 14:48:46
TSLA,buy,1,200.67,02/27 14:48:53
AMD,sell,1,177.56,02/27 14:49:05
AAPL,buy,1,182.75,02/27 14:49:06
COIN,buy,1,197.605,02/27 14:49:07
TSLA,sell,1,200.56,02/27 14:49:08
NVDA,sell,1,791.4499,02/27 14:49:09
AMD,buy,1,177.66,02/27 14:49:26
AAPL,buy,1,182.91,02/27 14:49:27
COIN,buy,1,197.92,02/27 14:49:28
NVDA,sell,1,791.44,02/27 14:49:30
AAPL,buy,1,182.94,02/27 14:49:37
COIN,buy,1,198.1101,02/27 14:49:38
TSLA,sell,1,200.4706,02/27 14:49:49
AMD,sell,1,177.6189,02/27 14:49:56
AMD,buy,1,177.65,02/27 14:50:11
AAPL,sell,1,182.892,02/27 14:50:12
COIN,sell,1,198.085,02/27 14:50:13
AMD,buy,1,177.74,02/27 14:50:31
AAPL,sell,1,182.786,02/27 14:50:32
COIN,buy,1,198.32,02/27 14:50:33
AMD,sell,1,177.692,02/27 14:50:51
AAPL,buy,1,182.835,02/27 14:50:52
COIN,buy,1,198.4194,02/27 14:50:53
AMD,buy,1,177.7815,02/27 14:51:11
AAPL,sell,1,182.745,02/27 14:51:12
NVDA,buy,1,790.6062,02/27 14:51:15
COIN,buy,1,198.58,02/27 14:51:18
TSLA,buy,1,200.041,02/27 14:51:24
TSLA,sell,1,200.01,02/27 14:51:44
AMD,buy,1,177.825,02/27 14:51:56
AAPL,sell,1,182.74,02/27 14:51:57
COIN,buy,1,198.715,02/27 14:51:58
NVDA,buy,1,790.75,02/27 14:52:00
AAPL,buy,1,182.822,02/27 14:52:07
NVDA,buy,1,791.075,02/27 14:52:10
AMD,buy,1,177.895,02/27 14:52:11
COIN,buy,1,198.825,02/27 14:52:13
TSLA,buy,1,200.12,02/27 14:52:19
COIN,sell,1,198.7886,02/27 14:52:23
NVDA,sell,1,790.76,02/27 14:52:25
TSLA,buy,1,200.13,02/27 14:52:35
AMD,sell,1,177.8006,02/27 14:52:47
AAPL,sell,1,182.67,02/27 14:52:48
TSLA,buy,1,200.2869,02/27 14:52:55
AMD,buy,1,177.805,02/27 14:53:07
AAPL,buy,1,182.68,02/27 14:53:08
COIN,buy,1,199.3,02/27 14:53:09
NVDA,sell,1,790.332,02/27 14:53:11
TSLA,buy,1,200.3,02/27 14:53:15
AMD,buy,1,177.8962,02/27 14:53:27
AAPL,buy,1,182.7,02/27 14:53:28
COIN,buy,1,199.66,02/27 14:53:29
NVDA,buy,1,790.6031,02/27 14:53:31
AMD,sell,1,177.87,02/27 14:53:37
AAPL,sell,1,182.64,02/27 14:53:38
COIN,sell,1,199.64,02/27 14:53:39
NVDA,sell,1,790.6,02/27 14:53:41
TSLA,sell,1,200.22,02/27 14:53:50
COIN,sell,1,199.5,02/27 14:53:54
NVDA,sell,1,790.5269,02/27 14:53:56
TSLA,buy,1,200.35,02/27 14:54:05
AMD,buy,1,177.92,02/27 14:54:17
AAPL,sell,1,182.61,02/27 14:54:18
AMD,buy,1,177.93,02/27 14:54:22
AAPL,buy,1,182.66,02/27 14:54:23
COIN,sell,1,199.48,02/27 14:54:29
TSLA,sell,1,200.11,02/27 14:54:40
COIN,buy,1,199.528,02/27 14:54:49
TSLA,buy,1,200.162,02/27 14:55:00
AMD,sell,1,177.8999,02/27 14:55:07
TSLA,buy,1,200.21,02/27 14:55:10
AMD,buy,1,177.935,02/27 14:55:23
AAPL,buy,1,182.7,02/27 14:55:24
NVDA,buy,1,790.12,02/27 14:55:27
COIN,sell,1,199.436,02/27 14:55:30
AMD,sell,1,177.9,02/27 14:55:38
AAPL,buy,1,182.705,02/27 14:55:39
NVDA,sell,1,789.8769,02/27 14:55:42
COIN,buy,1,199.59,02/27 14:55:45
TSLA,buy,1,200.26,02/27 14:55:51
TSLA,sell,1,200.1999,02/27 14:56:01
AMD,buy,1,177.945,02/27 14:56:13
AAPL,buy,1,182.765,02/27 14:56:14
NVDA,buy,1,790.6699,02/27 14:56:17
COIN,sell,1,199.3053,02/27 14:56:20
AMD,buy,1,177.96,02/27 14:56:23
AAPL,buy,1,182.814,02/27 14:56:24
COIN,buy,1,199.44,02/27 14:56:25
NVDA,sell,1,790.595,02/27 14:56:27
TSLA,sell,1,200.19,02/27 14:56:36
AMD,buy,1,177.9625,02/27 14:56:48
AAPL,buy,1,182.87,02/27 14:56:49
COIN,sell,1,198.9234,02/27 14:56:50
NVDA,buy,1,790.6414,02/27 14:56:52
TSLA,sell,1,200.155,02/27 14:57:01
TSLA,sell,1,200.15,02/27 14:57:21
AMD,sell,1,177.96,02/27 14:57:28
AAPL,buy,1,182.9099,02/27 14:57:29
COIN,buy,1,199.1007,02/27 14:57:30
NVDA,sell,1,790.4876,02/27 14:57:32
AAPL,sell,1,182.909,02/27 14:57:39
COIN,buy,1,199.375,02/27 14:57:40
TSLA,buy,1,200.21,02/27 14:57:51
AMD,buy,1,178.03,02/27 14:58:03
AAPL,buy,1,182.91,02/27 14:58:05
COIN,sell,1,199.16,02/27 14:58:05
TSLA,buy,1,200.3099,02/27 14:58:17
AMD,sell,1,178.026,02/27 14:58:49
AAPL,sell,1,182.865,02/27 14:58:50
COIN,buy,1,199.28,02/27 14:58:51
TSLA,sell,1,200.303,02/27 14:59:02
TSLA,buy,1,200.43,02/27 14:59:22
AMD,buy,1,178.09,02/27 14:59:34
AAPL,buy,1,182.9194,02/27 14:59:35
COIN,sell,1,199.23,02/27 14:59:36
TSLA,buy,1,200.558,02/27 14:59:37
NVDA,buy,1,790.69,02/27 14:59:38
AMD,sell,1,178.0411,02/27 14:59:49
AAPL,buy,1,182.9201,02/27 14:59:50
NVDA,sell,1,790.58,02/27 14:59:53
COIN,buy,1,199.465,02/27 14:59:56
AMD,sell,1,178.012,02/27 15:00:14
AAPL,buy,1,182.9834,02/27 15:00:15
COIN,buy,1,199.61,02/27 15:00:16
NVDA,buy,1,790.595,02/27 15:00:18
TSLA,buy,1,200.6,02/27 15:00:27
AMD,buy,1,178.0301,02/27 15:00:44
AAPL,sell,1,182.93,02/27 15:00:45
COIN,sell,1,199.1,02/27 15:00:46
NVDA,sell,1,790.335,02/27 15:00:48
TSLA,sell,1,200.35,02/27 15:00:58
AMD,buy,1,178.035,02/27 15:01:05
AAPL,buy,1,182.954,02/27 15:01:06
COIN,sell,1,198.99,02/27 15:01:07
TSLA,sell,1,200.232,02/27 15:01:18
AMD,sell,1,177.93,02/27 15:01:35
AAPL,sell,1,182.925,02/27 15:01:36
COIN,sell,1,198.682,02/27 15:01:37
TSLA,sell,1,199.9899,02/27 15:01:48
TSLA,buy,1,199.99,02/27 15:01:58
AAPL,buy,1,182.97,02/27 15:02:11
NVDA,buy,1,789.84,02/27 15:02:14
AMD,sell,1,177.9,02/27 15:02:15
COIN,sell,1,198.25,02/27 15:02:17
AMD,sell,1,177.83,02/27 15:02:25
AAPL,buy,1,182.975,02/27 15:02:26
COIN,buy,1,198.31,02/27 15:02:27
NVDA,sell,1,789.63,02/27 15:02:29
TSLA,sell,1,199.8615,02/27 15:02:38
TSLA,buy,1,199.902,02/27 15:02:58
AMD,sell,1,177.725,02/27 15:03:15
AAPL,sell,1,182.8521,02/27 15:03:16
COIN,sell,1,198.18,02/27 15:03:17
AMD,sell,1,177.6886,02/27 15:03:25
AAPL,buy,1,182.86,02/27 15:03:26
COIN,sell,1,198.0741,02/27 15:03:27
TSLA,sell,1,199.8999,02/27 15:03:38
TSLA,buy,1,199.9557,02/27 15:03:48
AMD,buy,1,177.8199,02/27 15:04:01
AAPL,buy,1,182.8816,02/27 15:04:02
COIN,buy,1,198.4503,02/27 15:04:03
NVDA,buy,1,789.75,02/27 15:04:05
TSLA,sell,1,199.94,02/27 15:04:14
AMD,buy,1,177.83,02/27 15:04:26
AAPL,sell,1,182.83,02/27 15:04:27
NVDA,buy,1,790.1997,02/27 15:04:30
COIN,sell,1,198.31,02/27 15:04:33
COIN,buy,1,198.459,02/27 15:04:38
NVDA,buy,1,790.47,02/27 15:04:40
TSLA,buy,1,199.9733,02/27 15:04:44
AMD,buy,1,177.8301,02/27 15:04:56
AAPL,sell,1,182.795,02/27 15:04:57
AMD,sell,1,177.8201,02/27 15:05:06
AAPL,buy,1,182.825,02/27 15:05:07
COIN,buy,1,198.8612,02/27 15:05:08
NVDA,buy,1,790.54,02/27 15:05:10
TSLA,sell,1,199.94,02/27 15:05:19
TSLA,buy,1,200.032,02/27 15:05:29
AMD,buy,1,177.98,02/27 15:05:41
AAPL,sell,1,182.7489,02/27 15:05:42
COIN,sell,1,198.8122,02/27 15:05:43
NVDA,buy,1,790.67,02/27 15:05:45
AMD,sell,1,177.966,02/27 15:05:51
AAPL,buy,1,182.79,02/27 15:05:52
COIN,sell,1,198.63,02/27 15:05:58
TSLA,sell,1,199.8001,02/27 15:06:04
AMD,sell,1,177.9499,02/27 15:06:16
AAPL,sell,1,182.735,02/27 15:06:17
COIN,sell,1,198.455,02/27 15:06:18
NVDA,sell,1,790.5401,02/27 15:06:20
TSLA,buy,1,199.8198,02/27 15:06:24
AMD,buy,1,177.955,02/27 15:06:46
AAPL,buy,1,182.7983,02/27 15:06:48
COIN,buy,1,198.5352,02/27 15:06:49
NVDA,buy,1,790.5651,02/27 15:06:51
TSLA,buy,1,199.845,02/27 15:07:00
AMD,buy,1,178.04,02/27 15:07:02
AAPL,buy,1,182.8025,02/27 15:07:03
COIN,buy,1,198.585,02/27 15:07:09
AMD,buy,1,178.124,02/27 15:07:27
AAPL,sell,1,182.795,02/27 15:07:28
AAPL,sell,1,182.75,02/27 15:07:58
COIN,sell,1,198.1463,02/27 15:07:59
NVDA,sell,1,790.786,02/27 15:08:01
AMD,sell,1,178.07,02/27 15:08:02
TSLA,sell,1,199.978,02/27 15:08:20
AMD,buy,1,178.1838,02/27 15:08:32
AAPL,sell,1,182.72,02/27 15:08:33
COIN,buy,1,198.18,02/27 15:08:34
NVDA,buy,1,791.19,02/27 15:08:36
AMD,sell,1,178.17,02/27 15:08:37
AAPL,buy,1,182.758,02/27 15:08:38
COIN,buy,1,198.3721,02/27 15:08:39
NVDA,sell,1,791.16,02/27 15:08:41
TSLA,sell,1,199.951,02/27 15:08:50
AMD,sell,1,178.165,02/27 15:09:12
AAPL,sell,1,182.7301,02/27 15:09:14
COIN,buy,1,198.525,02/27 15:09:15
NVDA,sell,1,791.11,02/27 15:09:17
TSLA,buy,1,199.995,02/27 15:09:26
AMD,sell,1,178.09,02/27 15:09:38
AAPL,buy,1,182.7399,02/27 15:09:39
NVDA,sell,1,790.68,02/27 15:09:42
COIN,buy,1,198.8963,02/27 15:09:45
TSLA,buy,1,200.1299,02/27 15:09:51
AMD,buy,1,178.11,02/27 15:10:03
AAPL,buy,1,182.8101,02/27 15:10:04
COIN,sell,1,198.722,02/27 15:10:05
NVDA,buy,1,790.825,02/27 15:10:07
AMD,sell,1,178.1,02/27 15:10:18
AAPL,buy,1,182.835,02/27 15:10:19
COIN,buy,1,198.7314,02/27 15:10:20
NVDA,buy,1,790.83,02/27 15:10:22
TSLA,buy,1,200.2,02/27 15:10:31
AAPL,buy,1,182.9255,02/27 15:10:39
COIN,buy,1,198.95,02/27 15:10:45
TSLA,sell,1,200.08,02/27 15:11:26
AMD,sell,1,178.136,02/27 15:11:38
AAPL,buy,1,182.98,02/27 15:11:39
COIN,sell,1,199.15,02/27 15:11:40
NVDA,sell,1,791.34,02/27 15:11:42
TSLA,sell,1,199.9366,02/27 15:11:52
TSLA,sell,1,199.9201,02/27 15:11:57
AMD,buy,1,178.138,02/27 15:12:09
AAPL,sell,1,182.8699,02/27 15:12:10
COIN,buy,1,199.26,02/27 15:12:11
NVDA,buy,1,791.47,02/27 15:12:13
TSLA,buy,1,199.9799,02/27 15:12:27
AMD,sell,1,178.1,02/27 15:12:39
AAPL,sell,1,182.7967,02/27 15:12:40
COIN,sell,1,199.12,02/27 15:12:41
NVDA,sell,1,790.97,02/27 15:12:43
TSLA,buy,1,200.0392,02/27 15:12:52
AMD,buy,1,178.11,02/27 15:13:04
AAPL,sell,1,182.77,02/27 15:13:05
NVDA,buy,1,791.2199,02/27 15:13:08
COIN,sell,1,199.07,02/27 15:13:11
TSLA,buy,1,200.11,02/27 15:13:22
AMD,sell,1,178.07,02/27 15:13:34
AAPL,sell,1,182.644,02/27 15:13:35
TSLA,sell,1,200.045,02/27 15:13:37
AMD,sell,1,178.0287,02/27 15:13:49
AAPL,sell,1,182.63,02/27 15:13:50
COIN,sell,1,199.06,02/27 15:13:51
NVDA,sell,1,790.9085,02/27 15:13:53
AMD,buy,1,178.0399,02/27 15:14:09
AAPL,sell,1,182.57,02/27 15:14:10
COIN,sell,1,198.93,02/27 15:14:11
NVDA,sell,1,790.6001,02/27 15:14:13
TSLA,buy,1,200.1,02/27 15:14:23
NVDA,buy,1,790.77,02/27 15:14:24
COIN,buy,1,199,02/27 15:14:27
TSLA,sell,1,200.0554,02/27 15:14:33
AMD,buy,1,178.04,02/27 15:14:45
AAPL,sell,1,182.5513,02/27 15:14:46
TSLA,buy,1,200.0614,02/27 15:14:53
AMD,sell,1,178.01,02/27 15:15:05
AAPL,buy,1,182.555,02/27 15:15:06
NVDA,buy,1,790.8597,02/27 15:15:09
COIN,buy,1,199.13,02/27 15:15:12
TSLA,sell,1,200.0599,02/27 15:15:23
AMD,buy,1,178.058,02/27 15:15:35
AAPL,sell,1,182.52,02/27 15:15:36
TSLA,sell,1,199.9885,02/27 15:15:43
AMD,sell,1,178.01,02/27 15:15:55
AAPL,sell,1,182.505,02/27 15:15:56
COIN,sell,1,198.898,02/27 15:15:57
NVDA,sell,1,790.5101,02/27 15:15:59
AMD,buy,1,178.0557,02/27 15:16:10
AAPL,sell,1,182.48,02/27 15:16:11
COIN,buy,1,199.01,02/27 15:16:12
NVDA,buy,1,790.65,02/27 15:16:14
TSLA,sell,1,199.9512,02/27 15:16:23
TSLA,sell,1,199.945,02/27 15:16:28
AMD,buy,1,178.09,02/27 15:16:40
AAPL,buy,1,182.5501,02/27 15:16:41
COIN,buy,1,199.06,02/27 15:16:42
NVDA,buy,1,790.797,02/27 15:16:44
AMD,buy,1,178.1199,02/27 15:16:56
AAPL,sell,1,182.5,02/27 15:16:57
COIN,sell,1,198.758,02/27 15:16:58
NVDA,sell,1,790.51,02/27 15:17:00
TSLA,buy,1,200.03,02/27 15:17:09
TSLA,buy,1,200.0729,02/27 15:17:14
AMD,sell,1,178.0309,02/27 15:17:26
AAPL,buy,1,182.52,02/27 15:17:27
COIN,buy,1,198.87,02/27 15:17:28
NVDA,buy,1,790.5867,02/27 15:17:30
TSLA,sell,1,200.07,02/27 15:17:39
AMD,buy,1,178.052,02/27 15:17:51
AAPL,sell,1,182.51,02/27 15:17:52
COIN,buy,1,198.95,02/27 15:17:53
NVDA,buy,1,791.14,02/27 15:17:55
TSLA,sell,1,200.0579,02/27 15:17:59
AMD,buy,1,178.085,02/27 15:18:11
AAPL,sell,1,182.485,02/27 15:18:12
COIN,buy,1,199.085,02/27 15:18:13
COIN,buy,1,199.174,02/27 15:18:23
NVDA,sell,1,791.196,02/27 15:18:25
TSLA,buy,1,200.0801,02/27 15:18:29
AMD,sell,1,177.9601,02/27 15:18:46
AAPL,sell,1,182.43,02/27 15:18:47
COIN,buy,1,199.21,02/27 15:18:48
NVDA,sell,1,790.7786,02/27 15:18:50
TSLA,sell,1,200.08,02/27 15:18:59
AAPL,sell,1,182.42,02/27 15:19:07
AMD,buy,1,178.05,02/27 15:19:11
AAPL,sell,1,182.4,02/27 15:19:12
COIN,sell,1,199.0296,02/27 15:19:13
NVDA,buy,1,790.97,02/27 15:19:15
TSLA,sell,1,200.0079,02/27 15:19:25
AMD,sell,1,178.015,02/27 15:19:37
COIN,sell,1,198.72,02/27 15:19:44
NVDA,sell,1,790.82,02/27 15:19:46
TSLA,sell,1,199.8699,02/27 15:19:50
AMD,sell,1,177.96,02/27 15:20:12
NVDA,sell,1,789.63,02/27 15:20:16
COIN,sell,1,198.62,02/27 15:20:19
COIN,sell,1,198.52,02/27 15:20:24
NVDA,buy,1,789.72,02/27 15:20:26
AMD,sell,1,177.94,02/27 15:20:47
AAPL,buy,1,182.3098,02/27 15:20:48
COIN,buy,1,198.832,02/27 15:20:49
NVDA,buy,1,790.2352,02/27 15:20:51
AAPL,buy,1,182.416,02/27 15:21:08
AMD,buy,1,177.942,02/27 15:21:12
AAPL,buy,1,182.42,02/27 15:21:13
COIN,buy,1,198.9,02/27 15:21:14
NVDA,sell,1,790.2,02/27 15:21:16
TSLA,buy,1,199.6737,02/27 15:21:25
TSLA,sell,1,199.632,02/27 15:21:35
AMD,buy,1,178.01,02/27 15:21:47
AAPL,buy,1,182.4638,02/27 15:21:48
COIN,buy,1,199.1591,02/27 15:21:49
NVDA,buy,1,790.27,02/27 15:21:51
AMD,sell,1,178,02/27 15:22:08
AAPL,sell,1,182.4,02/27 15:22:09
COIN,sell,1,199.07,02/27 15:22:10
NVDA,buy,1,790.66,02/27 15:22:12
TSLA,buy,1,199.655,02/27 15:22:21
TSLA,buy,1,199.785,02/27 15:22:26
AMD,buy,1,178.135,02/27 15:22:38
AAPL,buy,1,182.53,02/27 15:22:39
COIN,buy,1,199.115,02/27 15:22:40
COIN,sell,1,199.03,02/27 15:22:50
NVDA,sell,1,790.79,02/27 15:22:52
TSLA,buy,1,199.8101,02/27 15:22:56
TSLA,buy,1,199.875,02/27 15:23:06
AMD,buy,1,178.18,02/27 15:23:18
AAPL,sell,1,182.476,02/27 15:23:19
COIN,sell,1,199.0001,02/27 15:23:20
NVDA,buy,1,790.89,02/27 15:23:22
NVDA,sell,1,790.875,02/27 15:23:32
TSLA,sell,1,199.8102,02/27 15:23:41
AMD,sell,1,178.156,02/27 15:23:53
AAPL,buy,1,182.57,02/27 15:23:54
COIN,buy,1,199.51,02/27 15:23:55
NVDA,buy,1,790.9043,02/27 15:23:57
NVDA,sell,1,790.78,02/27 15:24:27
TSLA,buy,1,199.88,02/27 15:24:37
AMD,buy,1,178.23,02/27 15:24:44
AAPL,buy,1,182.62,02/27 15:24:45
COIN,buy,1,199.745,02/27 15:24:46
TSLA,sell,1,199.8,02/27 15:24:57
AMD,buy,1,178.31,02/27 15:25:09
COIN,sell,1,199.432,02/27 15:25:11
NVDA,sell,1,790.76,02/27 15:25:13
TSLA,sell,1,199.79,02/27 15:25:22
TSLA,buy,1,199.8099,02/27 15:25:27
AMD,sell,1,178.19,02/27 15:25:39
AAPL,sell,1,182.59,02/27 15:25:45
COIN,buy,1,199.54,02/27 15:25:46
NVDA,buy,1,790.8241,02/27 15:25:48
TSLA,buy,1,199.848,02/27 15:25:52
AMD,buy,1,178.2,02/27 15:26:04
AAPL,sell,1,182.535,02/27 15:26:05
COIN,buy,1,199.555,02/27 15:26:06
TSLA,sell,1,199.83,02/27 15:26:17
AMD,sell,1,178.19,02/27 15:26:29
AAPL,buy,1,182.57,02/27 15:26:30
COIN,sell,1,199.5453,02/27 15:26:31
TSLA,sell,1,199.8,02/27 15:26:37
AAPL,buy,1,182.61,02/27 15:26:45
AMD,buy,1,178.195,02/27 15:26:49
COIN,sell,1,199.36,02/27 15:26:51
NVDA,sell,1,790.73,02/27 15:26:53
TSLA,buy,1,199.84,02/27 15:27:02
AMD,sell,1,178.19,02/27 15:27:15
AAPL,sell,1,182.5933,02/27 15:27:16
NVDA,buy,1,790.92,02/27 15:27:19
COIN,sell,1,199.34,02/27 15:27:22
TSLA,buy,1,199.8799,02/27 15:27:23
AMD,buy,1,178.29,02/27 15:27:35
AAPL,sell,1,182.59,02/27 15:27:36
COIN,buy,1,199.36,02/27 15:27:37
AMD,sell,1,178.2892,02/27 15:27:45
AAPL,buy,1,182.609,02/27 15:27:46
COIN,sell,1,199.1,02/27 15:27:47
NVDA,sell,1,791.13,02/27 15:27:49
TSLA,buy,1,199.89,02/27 15:27:58
TSLA,buy,1,199.91,02/27 15:28:08
AMD,buy,1,178.3148,02/27 15:28:20
AAPL,buy,1,182.7119,02/27 15:28:21
COIN,buy,1,199.15,02/27 15:28:22
TSLA,sell,1,199.8929,02/27 15:28:33
AMD,buy,1,178.3199,02/27 15:28:45
AAPL,sell,1,182.6499,02/27 15:28:46
COIN,sell,1,199.05,02/27 15:28:47
NVDA,sell,1,791.2401,02/27 15:28:49
AMD,sell,1,178.31,02/27 15:29:00
AAPL,sell,1,182.6239,02/27 15:29:01
NVDA,sell,1,791.1501,02/27 15:29:04
COIN,buy,1,199.34,02/27 15:29:07
TSLA,buy,1,199.9799,02/27 15:29:13
TSLA,buy,1,199.995,02/27 15:29:18
AAPL,sell,1,182.5904,02/27 15:29:26
NVDA,sell,1,791.074,02/27 15:29:29
AMD,sell,1,178.29,02/27 15:29:30
COIN,sell,1,199.3,02/27 15:29:33
TSLA,buy,1,200.0788,02/27 15:29:39
AMD,buy,1,178.3709,02/27 15:29:51
AAPL,buy,1,182.61,02/27 15:29:52
COIN,buy,1,199.32,02/27 15:29:53
NVDA,buy,1,791.22,02/27 15:29:55
AMD,sell,1,178.3401,02/27 15:30:11
AAPL,sell,1,182.59,02/27 15:30:12
COIN,sell,1,198.965,02/27 15:30:13
NVDA,sell,1,790.63,02/27 15:30:15
TSLA,sell,1,199.9586,02/27 15:30:24
AAPL,sell,1,182.56,02/27 15:30:37
AMD,sell,1,178.3066,02/27 15:30:41
COIN,buy,1,199.4,02/27 15:30:43
NVDA,buy,1,790.836,02/27 15:30:45
TSLA,buy,1,199.98,02/27 15:30:49
TSLA,sell,1,199.972,02/27 15:30:54
AMD,buy,1,178.32,02/27 15:31:01
AAPL,sell,1,182.49,02/27 15:31:02
NVDA,sell,1,790.4601,02/27 15:31:05
COIN,sell,1,199.3764,02/27 15:31:08
AMD,sell,1,178.22,02/27 15:31:21
COIN,sell,1,199.175,02/27 15:31:23
NVDA,sell,1,790.202,02/27 15:31:25
TSLA,sell,1,199.773,02/27 15:31:34
TSLA,sell,1,199.772,02/27 15:31:49
AMD,sell,1,178.1372,02/27 15:32:02
COIN,sell,1,199.17,02/27 15:32:04
TSLA,buy,1,199.8391,02/27 15:32:10
AMD,sell,1,178.08,02/27 15:32:22
AAPL,buy,1,182.38,02/27 15:32:23
COIN,buy,1,199.19,02/27 15:32:24
AMD,buy,1,178.0918,02/27 15:32:32
AAPL,buy,1,182.3999,02/27 15:32:33
NVDA,buy,1,789.91,02/27 15:32:36
COIN,sell,1,199.16,02/27 15:32:39
TSLA,sell,1,199.738,02/27 15:32:45
AMD,sell,1,178.0599,02/27 15:33:02
AAPL,buy,1,182.43,02/27 15:33:03
COIN,sell,1,199.1,02/27 15:33:04
NVDA,sell,1,789.85,02/27 15:33:06
TSLA,sell,1,199.652,02/27 15:33:15
TSLA,sell,1,199.63,02/27 15:33:25
AMD,sell,1,178.045,02/27 15:33:37
AAPL,sell,1,182.3799,02/27 15:33:38
COIN,sell,1,198.88,02/27 15:33:39
TSLA,buy,1,199.65,02/27 15:33:50
AMD,buy,1,178.0799,02/27 15:34:02
AAPL,buy,1,182.445,02/27 15:34:03
COIN,buy,1,199.09,02/27 15:34:04
NVDA,buy,1,789.635,02/27 15:34:06
AMD,sell,1,178.028,02/27 15:34:17
AAPL,sell,1,182.4099,02/27 15:34:18
COIN,sell,1,198.98,02/27 15:34:25
NVDA,buy,1,789.644,02/27 15:34:27
TSLA,sell,1,199.47,02/27 15:34:31
AMD,sell,1,177.995,02/27 15:34:38
AAPL,sell,1,182.36,02/27 15:34:39
COIN,sell,1,198.83,02/27 15:34:40
NVDA,sell,1,789.1935,02/27 15:34:42
TSLA,sell,1,199.4201,02/27 15:35:01
TSLA,sell,1,199.36,02/27 15:35:16
AMD,sell,1,177.962,02/27 15:35:28
AAPL,sell,1,182.355,02/27 15:35:29
COIN,sell,1,198.7201,02/27 15:35:30
NVDA,sell,1,789.0301,02/27 15:35:32
AMD,sell,1,177.8752,02/27 15:35:48
COIN,buy,1,198.7526,02/27 15:35:55
TSLA,buy,1,199.395,02/27 15:36:06
TSLA,sell,1,199.3926,02/27 15:36:11
AMD,buy,1,177.96,02/27 15:36:23
AAPL,buy,1,182.32,02/27 15:36:24
COIN,buy,1,198.8921,02/27 15:36:25
NVDA,buy,1,789.78,02/27 15:36:27
TSLA,buy,1,199.4092,02/27 15:36:32
AMD,buy,1,177.97,02/27 15:36:44
AAPL,sell,1,182.3091,02/27 15:36:45
COIN,buy,1,199.025,02/27 15:36:46
NVDA,sell,1,789.658,02/27 15:36:48
AMD,buy,1,177.98,02/27 15:37:04
COIN,sell,1,198.845,02/27 15:37:06
NVDA,buy,1,789.7401,02/27 15:37:08
TSLA,sell,1,199.228,02/27 15:37:17
NVDA,sell,1,789.4401,02/27 15:37:28
AMD,buy,1,178.02,02/27 15:37:29
AAPL,buy,1,182.33,02/27 15:37:30
COIN,buy,1,198.955,02/27 15:37:31
TSLA,sell,1,199.17,02/27 15:37:37
AMD,sell,1,177.9901,02/27 15:37:54
AAPL,buy,1,182.3769,02/27 15:37:55
COIN,sell,1,198.905,02/27 15:37:56
NVDA,buy,1,789.5566,02/27 15:37:58
TSLA,buy,1,199.288,02/27 15:38:07
AMD,sell,1,177.96,02/27 15:38:19
AAPL,buy,1,182.3899,02/27 15:38:20
COIN,buy,1,198.906,02/27 15:38:21
NVDA,buy,1,789.66,02/27 15:38:23
TSLA,sell,1,199.0532,02/27 15:38:32
AMD,buy,1,178.02,02/27 15:38:44
AAPL,buy,1,182.425,02/27 15:38:45
COIN,buy,1,198.9444,02/27 15:38:46
NVDA,buy,1,789.89,02/27 15:38:48
AMD,sell,1,177.99,02/27 15:39:00
AAPL,sell,1,182.405,02/27 15:39:01
COIN,buy,1,198.967,02/27 15:39:02
NVDA,sell,1,789.87,02/27 15:39:04
AAPL,buy,1,182.4562,02/27 15:39:21
COIN,buy,1,199.18,02/27 15:39:22
NVDA,buy,1,790.1463,02/27 15:39:24
TSLA,buy,1,199.0839,02/27 15:39:33
AMD,sell,1,177.9699,02/27 15:39:45
AMD,buy,1,177.99,02/27 15:39:55
AAPL,buy,1,182.46,02/27 15:39:56
COIN,sell,1,199.13,02/27 15:39:57
NVDA,sell,1,790.08,02/27 15:39:59
TSLA,buy,1,199.29,02/27 15:40:03
AMD,sell,1,177.972,02/27 15:40:15
AAPL,buy,1,182.485,02/27 15:40:16
COIN,sell,1,198.9,02/27 15:40:17
NVDA,sell,1,789.9999,02/27 15:40:19
TSLA,sell,1,199.22,02/27 15:40:28
NVDA,sell,1,789.765,02/27 15:40:34
COIN,buy,1,199.155,02/27 15:40:37
TSLA,sell,1,199.14,02/27 15:40:43
AMD,sell,1,177.8299,02/27 15:40:55
AAPL,sell,1,182.3354,02/27 15:40:57
AMD,buy,1,177.849,02/27 15:41:01
AAPL,sell,1,182.32,02/27 15:41:02
COIN,sell,1,199,02/27 15:41:03
AMD,buy,1,177.93,02/27 15:41:31
AAPL,buy,1,182.365,02/27 15:41:32
COIN,sell,1,198.84,02/27 15:41:33
NVDA,buy,1,789.45,02/27 15:41:35
TSLA,buy,1,199.1001,02/27 15:41:44
AMD,buy,1,178.029,02/27 15:41:56
COIN,buy,1,198.86,02/27 15:41:58
NVDA,buy,1,789.925,02/27 15:42:00
TSLA,sell,1,199.0634,02/27 15:42:09
COIN,sell,1,198.6,02/27 15:42:13
NVDA,sell,1,789.7801,02/27 15:42:15
AAPL,buy,1,182.42,02/27 15:42:32
AMD,sell,1,177.93,02/27 15:42:36
AMD,buy,1,177.941,02/27 15:42:41
COIN,sell,1,198.51,02/27 15:42:43
NVDA,sell,1,789.65,02/27 15:42:45
AMD,sell,1,177.845,02/27 15:43:06
AAPL,sell,1,182.4,02/27 15:43:07
COIN,buy,1,198.7181,02/27 15:43:14
COIN,buy,1,198.8001,02/27 15:43:24
TSLA,buy,1,199.08,02/27 15:43:25
NVDA,buy,1,789.725,02/27 15:43:26
TSLA,sell,1,199.0599,02/27 15:43:35
AMD,buy,1,177.985,02/27 15:43:42
AAPL,buy,1,182.4406,02/27 15:43:43
AMD,sell,1,177.944,02/27 15:43:57
AAPL,sell,1,182.43,02/27 15:43:58
COIN,buy,1,199.0899,02/27 15:43:59
NVDA,buy,1,789.835,02/27 15:44:01
NVDA,buy,1,789.905,02/27 15:44:11
AMD,buy,1,178.03,02/27 15:44:27
AAPL,sell,1,182.42,02/27 15:44:33
COIN,sell,1,198.82,02/27 15:44:34
NVDA,buy,1,790.314,02/27 15:44:36
AAPL,buy,1,182.4461,02/27 15:44:38
COIN,buy,1,198.9424,02/27 15:44:39
TSLA,buy,1,199.155,02/27 15:44:45
TSLA,sell,1,199.1231,02/27 15:45:01
AMD,sell,1,177.93,02/27 15:45:13
AAPL,buy,1,182.48,02/27 15:45:14
COIN,buy,1,199.18,02/27 15:45:15
NVDA,sell,1,789.91,02/27 15:45:17
NVDA,sell,1,789.8993,02/27 15:45:22
TSLA,buy,1,199.23,02/27 15:45:31
AMD,sell,1,177.9057,02/27 15:45:43
AAPL,buy,1,182.605,02/27 15:45:44
COIN,sell,1,199.07,02/27 15:45:45
TSLA,buy,1,199.288,02/27 15:45:51
AMD,buy,1,177.94,02/27 15:46:08
AAPL,sell,1,182.555,02/27 15:46:09
COIN,sell,1,198.93,02/27 15:46:10
NVDA,buy,1,790.166,02/27 15:46:12
AMD,buy,1,177.95,02/27 15:46:18
AAPL,buy,1,182.62,02/27 15:46:19
COIN,buy,1,199.14,02/27 15:46:25
NVDA,buy,1,790.65,02/27 15:46:27
TSLA,buy,1,199.3071,02/27 15:46:31
AMD,buy,1,177.9605,02/27 15:46:38
AAPL,buy,1,182.645,02/27 15:46:39
COIN,sell,1,198.83,02/27 15:46:40
NVDA,sell,1,790.47,02/27 15:46:42
TSLA,sell,1,199.29,02/27 15:46:51
AMD,sell,1,177.94,02/27 15:47:09
AAPL,sell,1,182.6446,02/27 15:47:10
COIN,buy,1,198.94,02/27 15:47:11
NVDA,sell,1,790.1397,02/27 15:47:13
COIN,sell,1,198.9,02/27 15:47:21
TSLA,buy,1,199.3359,02/27 15:47:22
NVDA,sell,1,789.99,02/27 15:47:23
TSLA,buy,1,199.34,02/27 15:47:32
AMD,buy,1,177.965,02/27 15:47:44
AAPL,sell,1,182.5601,02/27 15:47:45
TSLA,buy,1,199.382,02/27 15:47:52
AMD,buy,1,178.0567,02/27 15:48:04
AAPL,sell,1,182.56,02/27 15:48:05
NVDA,buy,1,790.1613,02/27 15:48:08
COIN,sell,1,198.78,02/27 15:48:11
AMD,sell,1,178.0294,02/27 15:48:14
AAPL,sell,1,182.54,02/27 15:48:15
COIN,buy,1,198.9,02/27 15:48:16
NVDA,sell,1,789.91,02/27 15:48:18
TSLA,sell,1,199.375,02/27 15:48:27
AMD,buy,1,178.09,02/27 15:48:34
AAPL,sell,1,182.49,02/27 15:48:35
NVDA,sell,1,789.861,02/27 15:48:38
COIN,sell,1,198.586,02/27 15:48:41
TSLA,buy,1,199.4341,02/27 15:48:47
AMD,sell,1,178.0845,02/27 15:49:00
AAPL,buy,1,182.5212,02/27 15:49:00
COIN,buy,1,198.61,02/27 15:49:01
NVDA,buy,1,790.2229,02/27 15:49:04
TSLA,buy,1,199.518,02/27 15:49:13
TSLA,sell,1,199.476,02/27 15:49:28
AMD,buy,1,178.18,02/27 15:49:40
AAPL,buy,1,182.589,02/27 15:49:41
NVDA,buy,1,790.5301,02/27 15:49:44
AAPL,buy,1,182.6,02/27 15:49:46
COIN,sell,1,198.56,02/27 15:49:47
NVDA,buy,1,790.68,02/27 15:49:49
TSLA,buy,1,199.588,02/27 15:49:58
AMD,buy,1,178.24,02/27 15:50:10
TSLA,buy,1,199.8209,02/27 15:50:13
AMD,buy,1,178.27,02/27 15:50:25
AAPL,buy,1,182.655,02/27 15:50:26
COIN,buy,1,198.89,02/27 15:50:27
NVDA,buy,1,790.805,02/27 15:50:29
TSLA,sell,1,199.76,02/27 15:50:38
AMD,buy,1,178.2831,02/27 15:50:50
AAPL,sell,1,182.625,02/27 15:50:51
COIN,buy,1,199.01,02/27 15:50:52
AMD,sell,1,178.19,02/27 15:51:05
AAPL,sell,1,182.545,02/27 15:51:06
COIN,buy,1,199.12,02/27 15:51:07
NVDA,sell,1,790.195,02/27 15:51:09
TSLA,sell,1,199.68,02/27 15:51:18
COIN,sell,1,199.05,02/27 15:51:27
NVDA,sell,1,789.8796,02/27 15:51:29
AAPL,sell,1,182.4301,02/27 15:51:47
AMD,sell,1,178.115,02/27 15:51:51
AMD,sell,1,178.08,02/27 15:51:56
AAPL,sell,1,182.41,02/27 15:51:57
NVDA,sell,1,789.855,02/27 15:52:00
COIN,sell,1,199,02/27 15:52:03
TSLA,buy,1,199.775,02/27 15:52:09
COIN,sell,1,198.995,02/27 15:52:13
NVDA,buy,1,790.155,02/27 15:52:15
TSLA,sell,1,199.755,02/27 15:52:24
TSLA,buy,1,199.772,02/27 15:52:34
AMD,buy,1,178.21,02/27 15:52:36
AAPL,buy,1,182.465,02/27 15:52:37
AMD,sell,1,178.1701,02/27 15:52:46
AAPL,sell,1,182.43,02/27 15:52:47
COIN,buy,1,199.1899,02/27 15:52:48
NVDA,buy,1,790.1999,02/27 15:52:50
AMD,sell,1,178.115,02/27 15:53:06
AAPL,sell,1,182.363,02/27 15:53:07
NVDA,sell,1,789.675,02/27 15:53:10
COIN,buy,1,199.19,02/27 15:53:13
TSLA,buy,1,199.798,02/27 15:53:19
NVDA,sell,1,789.36,02/27 15:53:20
TSLA,buy,1,199.8185,02/27 15:53:29
AMD,sell,1,178.11,02/27 15:53:41
AAPL,buy,1,182.42,02/27 15:53:42
COIN,buy,1,199.2,02/27 15:53:43
TSLA,buy,1,199.9195,02/27 15:53:49
AAPL,sell,1,182.414,02/27 15:54:03
COIN,sell,1,199.09,02/27 15:54:04
NVDA,buy,1,789.47,02/27 15:54:06
AMD,sell,1,178.04,02/27 15:54:12
AAPL,buy,1,182.505,02/27 15:54:13
COIN,sell,1,199.03,02/27 15:54:14
NVDA,buy,1,789.7501,02/27 15:54:16
TSLA,sell,1,199.9,02/27 15:54:20
AMD,buy,1,178.1,02/27 15:54:27
AAPL,buy,1,182.65,02/27 15:54:28
NVDA,buy,1,789.845,02/27 15:54:31
COIN,buy,1,199.175,02/27 15:54:34
TSLA,buy,1,199.92,02/27 15:54:40
AMD,sell,1,178.01,02/27 15:54:57
AAPL,sell,1,182.49,02/27 15:54:58
COIN,sell,1,199.03,02/27 15:54:59
NVDA,sell,1,789.73,02/27 15:55:01
TSLA,sell,1,199.5701,02/27 15:55:05
TSLA,sell,1,199.5273,02/27 15:55:15
AMD,sell,1,177.85,02/27 15:55:27
AAPL,sell,1,182.4899,02/27 15:55:28
COIN,sell,1,198.49,02/27 15:55:29
NVDA,sell,1,788.31,02/27 15:55:31
TSLA,sell,1,199.4357,02/27 15:55:40
AAPL,buy,1,182.54,02/27 15:55:48
NVDA,sell,1,788.13,02/27 15:55:51
AMD,buy,1,177.8802,02/27 15:55:52
COIN,buy,1,198.68,02/27 15:55:54
TSLA,buy,1,199.55,02/27 15:56:05
AMD,sell,1,177.84,02/27 15:56:18
AAPL,buy,1,182.555,02/27 15:56:19
COIN,sell,1,198.575,02/27 15:56:20
NVDA,sell,1,787.73,02/27 15:56:22
TSLA,buy,1,199.6406,02/27 15:56:26
AAPL,buy,1,182.605,02/27 15:56:34
NVDA,buy,1,788.5,02/27 15:56:37
AMD,buy,1,177.9916,02/27 15:56:38
COIN,buy,1,198.81,02/27 15:56:40
AMD,sell,1,177.96,02/27 15:56:48
AAPL,buy,1,182.615,02/27 15:56:49
COIN,buy,1,198.9,02/27 15:56:50
NVDA,buy,1,788.58,02/27 15:56:52
TSLA,buy,1,199.71,02/27 15:57:01
TSLA,sell,1,199.69,02/27 15:57:11
AMD,buy,1,178.086,02/27 15:57:23
AAPL,buy,1,182.69,02/27 15:57:24
COIN,sell,1,198.825,02/27 15:57:25
NVDA,buy,1,788.9,02/27 15:57:27
AAPL,sell,1,182.6699,02/27 15:57:39
AMD,sell,1,178.062,02/27 15:57:43
COIN,buy,1,199.14,02/27 15:57:45
NVDA,sell,1,788.71,02/27 15:57:47
TSLA,buy,1,199.868,02/27 15:57:56
AMD,sell,1,178.04,02/27 15:58:03
AAPL,buy,1,182.7,02/27 15:58:04
NVDA,sell,1,788.0061,02/27 15:58:07
COIN,buy,1,199.19,02/27 15:58:10
TSLA,sell,1,199.8499,02/27 15:58:16
TSLA,buy,1,199.86,02/27 15:58:26
AAPL,sell,1,182.68,02/27 15:58:34
AMD,buy,1,178.05,02/27 15:58:38
COIN,buy,1,199.3,02/27 15:58:40
NVDA,sell,1,787.91,02/27 15:58:42
TSLA,sell,1,199.84,02/27 15:58:52
AMD,buy,1,178.0501,02/27 15:59:04
AAPL,sell,1,182.61,02/27 15:59:05
COIN,sell,1,199.1771,02/27 15:59:06
AMD,sell,1,178,02/27 15:59:19
AAPL,buy,1,182.66,02/27 15:59:20
COIN,sell,1,199.1243,02/27 15:59:26
TSLA,sell,1,199.7501,02/27 15:59:32
AMD,buy,1,178.02,02/27 15:59:44
AAPL,buy,1,182.69,02/27 15:59:45
NVDA,buy,1,787.51,02/27 15:59:48
COIN,buy,1,199.22,02/27 15:59:51
TSLA,buy,1,199.76,02/27 15:59:57
AMD,sell,1,178,02/27 16:00:19
AAPL,sell,1,182.63,02/27 16:00:20
NVDA,sell,1,787.01,02/27 16:00:23
TSLA,sell,1,199.73,02/27 16:00:52
AAPL,buy,1,181.6032,02/28 11:24:15
NVDA,buy,1,782.29,02/28 11:24:18
COIN,buy,1,208.66,02/28 11:24:31
AAPL,sell,1,181.6002,02/28 11:24:55
NVDA,sell,1,782.144,02/28 11:25:03
TSLA,buy,1,204.6721,02/28 11:25:22
AMD,buy,1,176.19,02/28 11:25:24
COIN,sell,1,208.5091,02/28 11:25:31
NVDA,buy,1,782.39,02/28 11:25:49
TSLA,buy,1,204.7957,02/28 11:25:53
AMD,sell,1,176.18,02/28 11:25:55
COIN,buy,1,208.7,02/28 11:26:02
NVDA,buy,1,782.5,02/28 11:26:09
TSLA,sell,1,204.712,02/28 11:26:13
COIN,sell,1,208.2454,02/28 11:26:22
AAPL,buy,1,181.58,02/28 11:26:41
AAPL,buy,1,181.5808,02/28 11:26:46
NVDA,sell,1,782.104,02/28 11:26:49
TSLA,sell,1,204.63,02/28 11:26:53
AMD,buy,1,176.0806,02/28 11:26:55
COIN,buy,1,208.418,02/28 11:27:02
AAPL,buy,1,181.5982,02/28 11:27:32
NVDA,sell,1,781.908,02/28 11:27:35
TSLA,buy,1,204.84,02/28 11:27:44
AMD,buy,1,176.155,02/28 11:27:46
COIN,buy,1,209.9,02/28 11:27:53
TSLA,buy,1,204.88,02/28 11:28:09
AMD,sell,1,176.13,02/28 11:28:11
COIN,sell,1,209.64,02/28 11:28:13
AAPL,buy,1,181.62,02/28 11:28:27
NVDA,buy,1,781.91,02/28 11:28:30
AAPL,buy,1,181.6267,02/28 11:28:47
NVDA,buy,1,781.97,02/28 11:28:50
TSLA,buy,1,204.98,02/28 11:29:04
AMD,buy,1,176.2,02/28 11:29:06
COIN,sell,1,208.52,02/28 11:29:13
AAPL,sell,1,181.575,02/28 11:29:23
NVDA,sell,1,781.8225,02/28 11:29:26
AAPL,buy,1,181.64,02/28 11:29:58
NVDA,buy,1,782.345,02/28 11:30:11
TSLA,buy,1,205.26,02/28 11:30:25
AMD,buy,1,176.2271,02/28 11:30:27
TSLA,sell,1,204.68,02/28 11:31:36
AMD,buy,1,176.55,02/28 11:31:38
AAPL,sell,1,181.5,02/28 11:31:54
NVDA,buy,1,784.1822,02/28 11:31:57
NVDA,sell,1,784.16,02/28 11:32:17
AMD,sell,1,176.4201,02/28 11:32:23
AAPL,buy,1,181.51,02/28 11:32:44
NVDA,buy,1,785.19,02/28 11:32:52
AMD,sell,1,176.365,02/28 11:32:58
COIN,buy,1,207.295,02/28 11:33:05
AMD,buy,1,176.376,02/28 11:33:18
COIN,buy,1,207.37,02/28 11:33:30
AAPL,sell,1,181.425,02/28 11:33:40
NVDA,buy,1,785.95,02/28 11:33:48
TSLA,buy,1,204.42,02/28 11:33:52
COIN,buy,1,207.83,02/28 11:34:16
NVDA,sell,1,785.772,02/28 11:35:08
TSLA,sell,1,203.95,02/28 11:35:17
AMD,buy,1,176.64,02/28 11:35:19
COIN,buy,1,208.224,02/28 11:35:21
NVDA,buy,1,785.9775,02/28 11:35:38
NVDA,buy,1,787.64,02/28 11:36:54
TSLA,buy,1,204.2499,02/28 11:37:03
AMD,buy,1,176.6596,02/28 11:37:05
COIN,buy,1,208.722,02/28 11:37:12
COIN,buy,1,208.8815,02/28 11:37:32
AAPL,buy,1,181.3199,02/28 11:38:17
NVDA,buy,1,788.4655,02/28 11:38:25
TSLA,buy,1,204.57,02/28 11:38:34
AMD,buy,1,176.6792,02/28 11:38:36
AAPL,sell,1,181.27,02/28 11:38:47
NVDA,buy,1,788.684,02/28 11:38:50
TSLA,sell,1,204.5099,02/28 11:38:59
AMD,buy,1,176.725,02/28 11:39:01
COIN,buy,1,208.972,02/28 11:39:03
NVDA,sell,1,788.2299,02/28 11:39:45
TSLA,buy,1,204.6301,02/28 11:39:55
AMD,sell,1,176.6001,02/28 11:39:57
COIN,sell,1,208.185,02/28 11:40:04
AMD,buy,1,176.6599,02/28 11:40:12
COIN,sell,1,208.13,02/28 11:40:19
AAPL,buy,1,181.24,02/28 11:40:28
NVDA,buy,1,788.36,02/28 11:40:31
TSLA,sell,1,204.35,02/28 11:40:40
COIN,buy,1,208.16,02/28 11:40:54
AAPL,sell,1,181.2072,02/28 11:41:08
NVDA,sell,1,787.55,02/28 11:41:16
TSLA,buy,1,204.36,02/28 11:41:20
AMD,sell,1,176.49,02/28 11:41:22
NVDA,buy,1,787.865,02/28 11:41:26
TSLA,buy,1,204.518,02/28 11:41:35
AMD,sell,1,176.48,02/28 11:41:37
COIN,buy,1,208.36,02/28 11:41:39
AAPL,buy,1,181.28,02/28 11:41:53
TSLA,buy,1,204.565,02/28 11:42:00
AMD,sell,1,176.4,02/28 11:42:02
COIN,buy,1,208.3912,02/28 11:42:09
AAPL,buy,1,181.285,02/28 11:42:59
NVDA,buy,1,788.315,02/28 11:43:02
TSLA,sell,1,204.51,02/28 11:43:06
AMD,sell,1,176.32,02/28 11:43:08
COIN,sell,1,208.3757,02/28 11:43:15
AAPL,buy,1,181.33,02/28 11:43:29
NVDA,sell,1,787.885,02/28 11:43:32
AMD,sell,1,176.26,02/28 11:43:38
COIN,sell,1,208.235,02/28 11:43:45
AAPL,sell,1,181.315,02/28 11:43:59
NVDA,buy,1,788.226,02/28 11:44:02
TSLA,sell,1,204.47,02/28 11:44:06
COIN,buy,1,208.684,02/28 11:44:10
AAPL,buy,1,181.334,02/28 11:44:19
NVDA,buy,1,788.5299,02/28 11:44:27
TSLA,buy,1,204.6258,02/28 11:44:31
AMD,buy,1,176.4643,02/28 11:44:33
AAPL,sell,1,181.331,02/28 11:44:45
NVDA,buy,1,788.6999,02/28 11:44:48
TSLA,sell,1,204.5499,02/28 11:44:57
AMD,buy,1,176.53,02/28 11:44:59
COIN,sell,1,208.305,02/28 11:45:06
AAPL,sell,1,181.29,02/28 11:46:25
NVDA,sell,1,788.58,02/28 11:46:28
TSLA,buy,1,204.66,02/28 11:46:38
AMD,sell,1,176.48,02/28 11:46:40
COIN,sell,1,208.23,02/28 11:46:42
TSLA,buy,1,204.68,02/28 11:46:53
AMD,sell,1,176.47,02/28 11:46:55
COIN,buy,1,208.28,02/28 11:47:02
TSLA,sell,1,204.17,02/28 11:49:24
COIN,sell,1,208.2707,02/28 11:49:33
AAPL,buy,1,181.365,02/28 11:49:52
NVDA,sell,1,787.43,02/28 11:50:15
AAPL,sell,1,181.3515,02/28 11:50:22
NVDA,sell,1,787.426,02/28 11:50:25
TSLA,sell,1,204.0873,02/28 11:50:29
COIN,buy,1,208.434,02/28 11:50:38
TSLA,buy,1,204.23,02/28 11:50:55
NVDA,buy,1,787.4663,02/28 11:52:06
TSLA,buy,1,204.33,02/28 11:52:15
AMD,buy,1,176.19,02/28 11:52:17
COIN,buy,1,209.11,02/28 11:52:24
AAPL,sell,1,181.32,02/28 11:52:48
NVDA,sell,1,786.786,02/28 11:52:51
TSLA,sell,1,204.3,02/28 11:52:56
AMD,sell,1,176.12,02/28 11:52:58
COIN,buy,1,209.1487,02/28 11:53:05
AAPL,buy,1,181.326,02/28 11:53:19
AAPL,sell,1,181.285,02/28 11:53:34
NVDA,buy,1,787.3066,02/28 11:53:42
AMD,buy,1,176.2006,02/28 11:53:48
TSLA,sell,1,204.289,02/28 11:53:51
COIN,buy,1,209.8103,02/28 11:53:55
NVDA,sell,1,786.938,02/28 11:54:07
TSLA,buy,1,204.415,02/28 11:54:21
AMD,sell,1,176.166,02/28 11:54:23
COIN,sell,1,209.7551,02/28 11:54:30
TSLA,buy,1,204.5099,02/28 11:55:06
COIN,buy,1,209.76,02/28 11:55:15
NVDA,sell,1,786.8523,02/28 11:55:33
COIN,sell,1,209.215,02/28 11:55:36
NVDA,sell,1,786.42,02/28 11:55:53
TSLA,sell,1,204.414,02/28 11:56:12
AAPL,buy,1,181.2363,02/28 11:56:35
NVDA,buy,1,786.86,02/28 11:56:53
TSLA,sell,1,204.27,02/28 11:57:02
AMD,buy,1,175.985,02/28 11:57:04
COIN,buy,1,209.355,02/28 11:57:11
AAPL,sell,1,181.205,02/28 11:58:26
NVDA,buy,1,787.2,02/28 11:58:29
TSLA,buy,1,204.315,02/28 11:58:43
AMD,buy,1,176.185,02/28 11:58:45
NVDA,sell,1,786.69,02/28 11:59:54
TSLA,sell,1,204.02,02/28 12:00:18
AMD,sell,1,176.1015,02/28 12:00:20
COIN,buy,1,209.995,02/28 12:00:32
TSLA,buy,1,204.055,02/28 12:00:59
AMD,sell,1,176.045,02/28 12:01:01
COIN,sell,1,208.695,02/28 12:01:13
NVDA,sell,1,785.715,02/28 12:01:30
AAPL,buy,1,181.195,02/28 12:01:42
NVDA,sell,1,785.388,02/28 12:01:45
TSLA,buy,1,204.07,02/28 12:01:59
COIN,buy,1,209.01,02/28 12:02:03
COIN,buy,1,209.03,02/28 12:02:13
AAPL,sell,1,181.165,02/28 12:02:27
NVDA,sell,1,784.9701,02/28 12:02:35
TSLA,sell,1,203.94,02/28 12:02:44
AAPL,buy,1,181.19,02/28 12:03:02
NVDA,sell,1,784.66,02/28 12:03:05
TSLA,buy,1,204.0206,02/28 12:03:10
AMD,buy,1,175.74,02/28 12:03:12
COIN,buy,1,209.78,02/28 12:03:19
TSLA,sell,1,204.0001,02/28 12:03:25
AMD,buy,1,175.795,02/28 12:03:27
COIN,buy,1,209.7999,02/28 12:03:44
AAPL,buy,1,181.34,02/28 12:03:58
NVDA,buy,1,784.94,02/28 12:04:06
AAPL,buy,1,181.39,02/28 12:04:23
NVDA,buy,1,785.7,02/28 12:04:26
TSLA,buy,1,204.19,02/28 12:04:35
AMD,buy,1,175.942,02/28 12:04:37
COIN,buy,1,210.92,02/28 12:04:44
TSLA,sell,1,204.0483,02/28 12:04:50
AMD,buy,1,175.9501,02/28 12:04:52
COIN,sell,1,210.898,02/28 12:04:59
AAPL,sell,1,181.2899,02/28 12:05:18
NVDA,buy,1,785.98,02/28 12:05:27
AAPL,sell,1,181.2819,02/28 12:05:39
NVDA,sell,1,785.8177,02/28 12:05:42
COIN,buy,1,210.958,02/28 12:06:32
NVDA,buy,1,785.86,02/28 12:06:39
TSLA,buy,1,203.5999,02/28 12:06:48
AMD,buy,1,176.0396,02/28 12:06:50
COIN,sell,1,210.81,02/28 12:06:57
NVDA,sell,1,785.7,02/28 12:08:44
AMD,buy,1,176.12,02/28 12:08:51
TSLA,buy,1,203.7711,02/28 12:08:54
COIN,buy,1,211.13,02/28 12:09:03
TSLA,sell,1,203.42,02/28 12:09:44
AMD,buy,1,176.145,02/28 12:09:46
